2996 3790
1416 259 1485 310 89⁴

238 421 390 469 verba·
397 421 436 478 ¹)
460 417 508 463 ai
535 418 618 464 δύο
644 421 724 475 μὲν
749 417 948 473 γλαυκοῖο
975 418 1261 475 restauremus
1287 421 1462 465 κυάνοιο
1492 451 1671 466 .....
1701 418 1754 465 οὗ
1780 423 1860 476 μὲν
1885 418 2017 476 ὕδωρ,
2045 417 2139 462 ἀλλ’
2168 417 2301 477 addc
2325 417 2394 462 111¹-
2409 415 2660 475 dm

237 489 489 548 κρύσταλλος
513 487 621 544 κατ’)
650 495 781 542 γαῖαν
812 487 1051 542 κρύπτεσκε·
1099 490 1352 546 περίψυκτοι,-
1387 489 1437 533 dr
1463 492 1660 539 τέτυκται,
1689 503 1719 535 a
1743 488 1932 546 Vergilio
1966 501 2174 546 expressa
2201 501 2309 533 vers.
2328 486 2353 532 1
2369 486 2498 532 2852·
2498 487 2683 544 ‘qun

239 560 399 615 cir-cim
426 560 644 612 extr-emas
672 555 826 601 dextra
853 555 1060 613 laevaque
1089 556 1319 602 trahuntur
1337 557 1585 612 Caeruleae,
1615 558 1751 615 glacie
1779 562 2003 606 concretae
2031 562 2163 614 atque
2186 556 2396 602 imbribus
2412 555 2524 602 atris
2539 542 2661 609 ets-5,

239 642 318 674 nec
351 641 435 672 non
471 640 500 671 a
527 625 722 681 Varrone
759 624 1041 678 adumbrata·
1071 626 1231 684 ‘itaque
1266 627 1311 671 ιιι
1347 641 1505 673 oceano
1539 629 1586 672 in
1624 641 1677 672 ea
1705 631 1830 684 parte
1857 642 1913 672 ne
1939 627 2132 684 navigari
2149 625 2322 683 quidem
2349 638 2476 683 posse
2504 623 2652 669 dieunt

239 700 416 756 propter
442 709 563 745 mare
591 695 885 753 congelatum’,
916 694 972 740 ad
1001 709 1112 753 quae
1139 700 1270 754 poeta
1287 702 1437 754 postea
1455 698 1696 755 respexisse
1714 697 1920 743 videtur'
1907 711 1953 742 ιιι
1970 696 2085 742 victu
2104 695 2360 753 Scytharum
2385 691 2652 752 depingndo

242 767 334 812 Geo
347 764 414 812 111
429 765 532 810 355.
578 763 677 817 ‘Sed
704 765 819 809 iacet
846 764 1073 822 aggeribus
1102 766 1236 810 niveis
1264 766 1455 812 informis
1484 772 1530 813 et
1556 767 1645 812 alto
1674 766 1810 811 Terra
1836 766 1934 823 gelu
1961 766 2081 811 late.
2170 763 2281 809 θοι.
2310 762 2377 809 ΙΙΙ
2405 764 2510 809 365·
2540 761 2651 816 Quin

237 836 368 880 etiam
397 834 452 878 de
480 833 776 879 Eratosthenis
811 835 932 875 πέντε
952 833 1119 886 ζώναις,
1156 849 1264 891 quas
1295 835 1506 894 Vergilius
1535 834 1747 880 versibus:
1778 834 1987 892 ‘Quinque
2015 838 2164 879 tenent
2189 832 2356 878 caelum
2382 831 2554 876 Zonae.

237 903 398 957 reddit,
442 904 530 948 iam
567 902 705 947 Varro
747 901 918 946 dixerat
951 902 997 946 in
1032 908 1180 948 satura
1204 919 1327 961 quae
1361 905 1609 951 inscribitur
1644 903 1830 950 ‘Dolium
1865 909 1942 949 aut
1978 904 2134 949 Seria’.
2157 900 2372 948 ‘Mundus
2407 887 2574 946 domu!
2584 904 2652 945 est

236 973 424 1019 maxima
459 972 638 1018 homulli
667 970 804 1024 Quam
841 973 1028 1029 quinque
1065 973 1272 1018 altitonae
1301 973 1507 1032 fragmine
1536 975 1678 1020 Zonae
1707 976 1894 1030 cingunt,
1931 987 2009 1030 per
2037 987 2182 1030 quam
2194 971 2350 1017 limbus
2379 1003 2562 1015 .....
2586 971 2649 1025 ’⁸)

239 1042 309 1095 (cf.
331 1041 501 1086 Sueton.
531 1040 837 1085 Reifferscheid
864 1055 934 1097 pg.
960 1041 1041 1085 193
1065 1041 1199 1097 .sqq.).

439 1110 500 1154 Ut
527 1110 599 1154 hic
642 1113 771 1165 poeta
802 1108 1098 1153 Eratosthenis
1134 1124 1318 1163 carmen,
1362 1113 1432 1155 cui
1474 1112 1624 1156 titulus
1667 1116 1734 1156 est
1777 1112 2039 1165 ‘Hemesa
2083 1112 2129 1154 in
2171 1123 2296 1153 usum
2331 1107 2553 1160 convertit,
2586 1107 2651 1151 ita

240 1179 331 1225 Geo
344 1179 388 1223 11
405 1179 491 1223 380
510 1193 620 1235 sqq.,
640 1178 690 1222 ‘E
700 1179 927 1233 rigonae’
949 1178 1138 1222 eiusdem
1158 1179 1397 1224 doctrinam
1412 1181 1631 1237 amplexus
1645 1181 1814 1225 videtur
1832 1193 1938 1224 esse.
1969 1178 2283 1222 Alexandrinus
2298 1179 2410 1222 euim
2428 1176 2483 1220 de
2497 1175 2648 1229 Icario,

237 1250 457 1293 inventore
485 1247 677 1292 culturae
705 1247 854 1290 vineae
884 1250 928 1290 et
956 1247 1087 1291 totius
1116 1248 1224 1292 artis
1253 1249 1473 1293 scaenicae
1502 1254 1721 1308 tamquam
1749 1249 1947 1306 chorego,
1977 1262 2192 1305 exponens
2220 1261 2407 1299 causam,
2428 1259 2505 1290 cur
2522 1259 2651 1302 caper

237 1317 407 1362 Baccho
425 1316 731 1370 immolaretur,
752 1315 862 1360 hanc
887 1316 1056 1368 adiecit,
1076 1316 1192 1372 quod
1209 1317 1283 1361 ille
1302 1317 1407 1361 folia
1427 1319 1524 1362 vitis
1543 1319 1668 1363 modo
1688 1323 1813 1363 satae.
1828 1317 2131 1375 decerpsisset3
2142 1317 2177 1372 ⁴)
2209 1315 2388 1361 eandem
2406 1329 2497 1360 rem
2512 1313 2650 1359 Varro

241 1390 544 1432 commemorat
561 1401 597 1429 r.
618 1399 653 1429 r.
676 1385 698 1428 Ι
717 1387 758 1439 2,
785 1385 853 1440 18!
862 1387 934 1430 19:
966 1399 1043 1431 eae
1064 1387 1175 1430 enim
1196 1386 1338 1431 omnia
1356 1387 1522 1448 novella
1541 1393 1636 1433 sata
1654 1387 1869 1446 carpendo
1888 1391 2177 1444 corrumpunt,
2204 1400 2287 1430 non
2306 1386 2524 1430 minimum
2543 1384 2650 1428 vites

237 1461 367 1513 atque
397 1455 532 1500 oleas:
570 1456 718 1511 itaque
738 1460 967 1511 propterea
985 1457 1226 1499 institutum
1249 1488 1392 1510 .....
1412 1461 1462 1501 ut
1491 1473 1544 1502 ex
1563 1459 1738 1515 caprino
1766 1472 1924 1515 genere
1942 1457 2000 1501 ad
2020 1457 2095 1501 alii
2115 1456 2185 1501 dei
2214 1470 2335 1500 aram
2353 1455 2496 1500 hostia
2514 1453 2650 1498 addu-

236 1530 427 1575 ceretur,
458 1558 468 1567 .
501 1557 511 1567 .
545 1557 554 1567 .
592 1526 654 1567 sic
688 1524 849 1567 factum
886 1530 935 1567 ut
971 1524 1126 1568 Libero
1161 1527 1288 1580 patri,
1327 1527 1536 1582 repertori
1564 1529 1676 1579 vitis,
1717 1527 1825 1570 himi
1852 1527 2188 1580 immolarentur,
2218 1524 2396 1582 proinde
2425 1528 2475 1567 ut
2508 1524 2649 1580 capite

236 1595 389 1640 darent
417 1594 603 1650 poenas’.
663 1591 855 1636 Eandem
883 1607 975 1638 rem
1003 1592 1181 1650 legimus
1211 1593 1300 1638 Geo
1320 1594 1363 1638 11
1394 1597 1498 1640 380:
1530 1596 1583 1639 ‘N
1585 1611 1637 1640 on
1667 1596 1797 1641 aliam
1816 1595 1871 1639 ob
1901 1596 2070 1651 culpam
2100 1595 2270 1639 Baccho
2298 1608 2429 1649 caper
2457 1592 2649 1637 omuibus

236 1665 323 1709 aris
360 1662 567 1708 Caeditur
601 1664 646 1705 et
681 1664 846 1705 veteres
882 1662 1030 1706 ineunt
1064 1664 1317 1719 proscaenia
1357 1663 1448 1707 ludi
1485 1664 1765 1721 Praemiaque
1806 1665 1986 1721 ingeniis
2020 1678 2153 1721 pagos
2190 1668 2235 1707 et
2268 1662 2455 1719 compita
2490 1662 2649 1706 circum

236 1733 447 1778 Thesidae
465 1744 647 1788 posuere
667 1735 797 1787 atque
816 1732 928 1775 inter
946 1732 1099 1788 pocula
1118 1732 1222 1776 laeti
1242 1732 1441 1776 Mollibus
1470 1734 1515 1777 ιιι
1533 1735 1669 1789 pratis
1689 1738 1837 1778 unctos
1867 1733 2030 1777 saluere
2053 1748 2131 1789 per
2151 1734 2293 1776 utres’.
2350 1730 2434 1775 Sed
2462 1745 2557 1774 cum
2577 1744 2647 1773 res

234 1803 312 1847 illa
340 1799 567 1857 singularis
596 1803 687 1843 tum
715 1800 898 1844 maxime
928 1804 1061 1844 totum
1092 1802 1136 1843 in
1165 1814 1250 1857 quo
1279 1801 1473 1845 adfertur
1501 1808 1795 1858 argumentum
1824 1816 1942 1847 verss
1963 1801 2005 1845 11
2026 1802 2111 1846 380
2141 1814 2250 1856 sqq.,
2280 1799 2396 1843 velut
2414 1797 2649 1856 primordia

233 1871 430 1915 ludorum
460 1869 762 1921 scaenicorum,
794 1869 1096 1924 ἀσκωλιασμός,
1125 1869 1270 1913 hircus
1299 1871 1549 1925 praemium,
1580 1871 1636 1915 ad
1657 1871 1953 1916 Eratosthenis
1985 1870 2224 1926 ‘Erigonen’
2255 1868 2361 1912 mihi
2379 1867 2648 1912 referendum

230 1939 410 1983 videtur.
478 1937 612 1982 Poeta
647 1937 778 1993 igitur
813 1938 858 1980 in
887 1936 1050 1980 duobus
1078 1937 1182 1981 locis
1212 1943 1256 1981 et
1283 1939 1329 1981 in
1354 1941 1470 1982 zonis
1500 1944 1544 1983 et
1571 1942 1616 1999 in
1645 1942 1865 1997 principiis
1891 1941 1998 1983 artis
2025 1940 2215 1994 tragicae
2243 1936 2533 1981 describendis
2563 1950 2647 1980 non

233 2010 278 2052 in
299 2008 510 2051 Varonnis
539 2005 661 2049 libris
690 2007 964 2061 acquiescens
993 2006 1050 2049 ad
1079 2005 1289 2049 Graecum
1319 2012 1537 2051 auctorem
1569 2023 1614 2051 se
1644 2010 1833 2052 contulit.
1886 2008 1981 2051 Alio
2011 2022 2111 2051 vero
2141 2008 2236 2049 loco
2265 2006 2374 2060 (Geo
2394 2005 2453 2049 111
2476 2006 2571 2048 113.
2592 2004 2643 2048 cf.

228 2077 343 2121 infra
371 2091 440 2132 pg.
472 2075 546 2127 73)
572 2074 647 2118 ubi
676 2073 974 2118 Erichthonius
999 2075 1163 2131 primus
1191 2075 1491 2132 quadrigarius
1517 2077 1742 2129 inducitur,
1781 2077 2013 2132 Vergilium
2042 2091 2125 2120 non
2157 2092 2209 2119 ex
2231 2075 2514 2119 Eratosthene
2535 2075 2643 2130 ipso,

232 2146 309 2191 sed
346 2160 398 2190 ex
433 2143 564 2200 patrii
598 2144 805 2188 sermonis
839 2144 1060 2199 scriptore,
1105 2144 1224 2188 cuius
1260 2149 1410 2188 auctor
1447 2150 1491 2188 et
1529 2146 1598 2189 hic
1634 2146 1948 2189 Alexandrinus
1991 2146 2064 2188 ille
2102 2150 2209 2196 erat,
2249 2144 2487 2187 doctrinam
2523 2156 2645 2185 suam

233 2213 503 2260 arcessivisse
531 2211 734 2256 credibile
764 2214 840 2255 est.

433 2281 610 2326 Brevius
640 2284 784 2325 autem
815 2281 1149 2336 perstringamus
1188 2280 1278 2326 Geo
1308 2281 1329 2325 1
1362 2284 1440 2326 121
1473 2281 1548 2327 ubi
1584 2282 1797 2339 Vergilius
1835 2297 2009 2328 auream
2041 2281 2215 2326 Saturni
2251 2284 2438 2325 aetatem
2467 2279 2643 2333 effinxit,

231 2352 466 2398 Hesiodum
500 2350 713 2395 nonnullis
741 2350 844 2394 locis
873 2350 1057 2393 imitans.
1118 2349 1386 2407 Quamquam
1422 2350 1493 2396 hic
1530 2351 1759 2408 explicatio
1788 2351 1993 2397 Varronis
2033 2350 2075 2395 11
2109 2353 2146 2404 l,
2185 2351 2211 2394 3
2241 2349 2297 2394 ab
2333 2348 2527 2394 omnibus
2554 2348 2644 2393 fere

230 2420 466 2465 editoribus
494 2419 710 2470 laudatur,
740 2422 885 2462 tamen
914 2419 1160 2474 paucissimi
1191 2419 1424 2464 Varronem
1454 2420 1592 2477 ipsum
1623 2420 1826 2465 evolvisse
1856 2419 2063 2464 videntur.
2113 2418 2320 2475 Vergilius
2341 2419 2452 2462 enim
2472 2416 2643 2474 quantis

232 2489 464 2532 commodis
500 2487 674 2530 Saturni
717 2487 978 2543 temporibus
1021 2489 1208 2542 peractis
1237 2488 1429 2532 homines
1469 2489 1611 2533 orbati
1653 2490 1752 2542 sint,
1797 2502 1960 2532 summo
2005 2488 2147 2532 colore
2190 2488 2392 2540 illustrat,
2437 2485 2491 2530 de
2533 2486 2643 2529 mari

229 2558 476 2613 tranquillo,
507 2557 561 2601 de
589 2557 702 2600 foliis
731 2556 856 2600 melle
885 2556 1124 2608 fluentibus,
1156 2557 1209 2600 de
1245 2559 1348 2601 rivis
1385 2557 1653 2602 currentibus
1689 2559 1786 2602 vino
1822 2558 1954 2603 verba
1982 2558 2151 2601 faciens.
2205 2556 2288 2600 Ubi
2318 2569 2430 2609 nam,
2467 2566 2640 2611 quaeso,

231 2627 387 2670 similia
429 2627 475 2669 in
518 2626 639 2670 libris
684 2626 738 2669 de
767 2639 815 2669 re
844 2626 1007 2668 rustica
1036 2626 1264 2680 leguntur?
1294 2626 1432 2670 Varro
1462 2627 1667 2671 discernit
1701 2632 1790 2670 tres
1818 2627 1978 2683 gradus
2014 2628 2127 2669 vitae
2164 2626 2376 2669 humanae
2413 2623 2640 2667 secundum

435 2773 462 2818 Ι)
485 2772 530 2808 cf.
553 2772 679 2818 Hiller,
701 2772 951 2809 Eratosthenis
974 2772 1166 2808 carminum
1189 2772 1371 2817 reliquiae.
1407 2773 1507 2819 Lips.
1535 2773 1632 2811 1872.

427 2829 460 2875 2)
489 2828 540 2866 sic
562 2828 765 2866 dubitanter
788 2828 938 2866 coniecit
960 2827 1126 2866 Hillerus

425 2886 456 2931 ὃ)
484 2885 583 2922 Haec
623 2885 732 2921 verba
773 2895 796 2921 a
835 2885 953 2921 Probo
993 2885 1039 2921 ad
1081 2885 1185 2932 Verg.
1220 2886 1286 2924 ecl.
1322 2886 1417 2933 (Keil
1451 2897 1509 2934 pg.
1543 2888 1600 2934 18)
1654 2887 1764 2924 allata
1805 2897 1897 2923 nunc
1933 2891 2074 2923 exstant
2108 2884 2204 2932 apud
2247 2883 2352 2921 Riese
2394 2882 2502 2929 (ιι-ιιι
2530 2886 2640 2919 sauir.

229 2940 386 2990 Menipp.
415 2943 503 2981 1865
526 2947 562 2979 et
583 2942 760 2979 Bucheler
782 2942 955 2986 (Petronii
976 2947 1041 2979 etc.
1063 2943 1158 2989 frgta
1180 2955 1238 2990 pg.
1265 2945 1329 2981 172
1353 2955 1405 2980 nr.
1430 2946 1501 2990 92).

427 3000 459 3042 ⁴)
480 2999 592 3036 Ernst
618 2999 751 3036 Maass.
798 2999 973 3036 Analecta
1001 3000 1275 3037 Eratosthenica
1304 3002 1401 3038 1883.
1434 3012 1492 3047 pg.
1517 3002 1558 3037 61
1591 3006 1626 3037 et
1654 3001 1813 3045 1147115.
1866 3000 2010 3036 Robert.
2042 2997 2291 3035 Eratosthenis
2319 2998 2641 3034 catasterismorum

228 3053 401 3101 reliquiae
426 3054 514 3093 1878
542 3066 601 3103 pg.
625 3057 700 3101 ΕΠ,
725 3078 766 3083 -
791 3055 925 3104 Hygini
953 3057 1112 3102 (Astron.
1143 3057 1198 3095 ed.
1223 3058 1339 3096 Bunte
1367 3059 1453 3096 1875
1482 3069 1541 3105 pg.
1566 3058 1690 3102 34s35)
1719 3057 1828 3094 verba
1850 3062 1932 3094 sunt
1955 3060 2048 3094 inter
2071 3056 2143 3093 alia
2165 3057 2314 3093 haecce:
2364 3082 2372 3090 .
2396 3081 2406 3090 .
2431 3081 2439 3090 .
2464 3081 2474 3090 .
2498 3053 2643 3091 ‘dicitiu-

228 3109 349 3148 hircus
371 3111 408 3148 in
430 3112 570 3151 vineam
592 3124 632 3151 se
655 3114 849 3151 coniecisse
873 3118 910 3151 et
932 3124 1024 3162 quae
1047 3115 1096 3152 ibi
1116 3118 1308 3154 tenerrima
1329 3115 1415 3153 folia
1437 3115 1583 3161 videret,
1607 3115 1848 3162 decerpsiss03
1871 3125 1942 3161 quo
1964 3114 2060 3152 facto
2085 3113 2237 3151 Icarium
2262 3115 2353 3151 irato
2376 3113 2495 3149 animo
2518 3111 2644 3149 uilia·

228 3177 379 3213 eumque
393 3169 614 3206 interfecisse
636 3175 673 3207 et
688 3181 733 3207 ex
747 3171 839 3218 pelle
863 3172 938 3208 eius
954 3176 1069 3208 utrem
1084 3172 1219 3219 fecisse,
1242 3184 1284 3210 ac
1307 3176 1412 3209 vento
1434 3172 1577 3218 plenum
1599 3172 1828 3219 praeligasse,
1849 3177 1885 3209 et
1899 3173 1936 3208 in
1951 3173 2106 3209 medium
2119 3171 2313 3218 proiecisse
2329 3178 2485 3215 suosque
2501 3168 2644 3205 sodales

229 3223 362 3260 circum
391 3235 471 3262 eum
494 3226 627 3264 saltare
656 3230 826 3275 coegisse.
857 3228 979 3274 itaque
1009 3228 1266 3266 Eratosthenes
1295 3231 1362 3265 ait:
1391 3231 1536 3278 ἰκιίριοι
1564 3232 1644 3264 τόθι
1672 3229 1728 3269 (cf.
1753 3229 1869 3265 Hiller
1890 3230 1915 3265 1.
1938 3229 1961 3266 l.
1985 3241 2043 3276 pg.
2072 3230 2240 3275 105s106)
2266 3229 2384 3274 πρῶτα
2407 3227 2485 3272 περὶ
2508 3228 2643 3273 τράγον

227 3279 432 3330 «bavinans.
449 3301 493 3309 —
510 3282 676 3320 Ceterum
698 3284 863 3321 conferas
885 3285 1092 3322 Diomedem
1114 3286 1381 3332 grammaticum
1402 3284 1469 3322 111.
1492 3295 1549 3330 pg.
1574 3285 1641 3322 487
1662 3283 1788 3330 mein:
1811 3284 1932 3322 hircus
1950 3313 1960 3322 .
1976 3314 1985 3322 .
2003 3313 2012 3322 .
2030 3315 2038 3322 .
2056 3289 2144 3333 qui.
2163 3314 2172 3322 .
2189 3312 2198 3320 .
2216 3313 2224 3321 .
2246 3284 2378 3321 Libero
2393 3283 2489 3328 patri
2504 3280 2550 3317 ob
2573 3280 2642 3317 hoc

227 3338 344 3383 ipsum
365 3337 623 3386 immolabatur,
649 3341 745 3387 quia,
768 3345 809 3378 ut
831 3342 883 3378 ait
904 3340 1031 3386 Varro,
1061 3340 1225 3388 depascit
1245 3344 1351 3379 vitem
1369 3367 1483 3378 .....
1501 3346 1538 3377 et
1564 3340 1743 3389 Vergilius
1773 3342 1811 3379 in
1840 3345 2033 3390 georgicon
2057 3343 2224 3387 secundo,
2253 3350 2334 3378 curn
2356 3343 2394 3376 et
2416 3337 2510 3376 uui
2532 3346 2643 3384 genus

228 3397 403 3429 ιιιοιιιιιηι
424 3398 460 3429 et
482 3405 627 3433 oausam
649 3398 733 3434 talis
755 3399 895 3434 hostiae
918 3398 1037 3434 reddit
1059 3399 1116 3434 his
1131 3399 1307 3435 versibus:
1332 3402 1418 3434 ‘non
1443 3398 1551 3434 aliam
1575 3398 1620 3434 ob
1643 3404 1801 3436 causam‘
1826 3405 1892 3437 etc.
1917 3400 1963 3437 ef.
1985 3401 2130 3438 Sueten.
2152 3395 2409 3437 Reifferscheid
2430 3405 2488 3442 pz-
2506 3394 2581 3439 617·
2607 3414 2640 3419 ’-
