2996 3790
1570 197 1626 252 '24

383 355 615 411 secundum
653 367 953 422 antiquitatem
985 366 1106 417 dixit,
1145 367 1255 410 sicut
1284 368 1414 411 etiam
1445 368 1501 411 ad
1528 368 1714 412 flumina.
1746 367 1846 410 olim
1877 367 1988 410 enim
2019 368 2064 411 in
2093 367 2219 412 litore
2248 362 2433 412 fluminis
2463 370 2673 414 circenses
2702 379 2800 426 age·

383 431 555 488 bantur,
600 436 645 479 in
690 436 828 481 altero
870 435 1006 480 latere
1050 435 1200 492 positis
1244 435 1414 492 gladiis,
1460 442 1508 481 ut
1553 438 1609 481 ab
1652 441 1836 493 utraque
1880 439 2004 492 parte
2049 440 2162 480 essct
2205 437 2400 493 ignaviae
2442 451 2644 493 praesens
2687 441 2799 496 peri-

383 501 525 547 culum
555 537 566 548 .
598 537 607 549 .
642 538 652 548 .
686 508 711 560 ²,
741 519 854 562 quae
889 505 956 548 vel
992 504 1121 548 tertio
1156 504 1224 549 vel
1261 510 1417 562 quarto
1454 507 1564 550 libro
1593 505 1898 550 attribuuntur.
1916 505 1947 560 ⁸)
2017 504 2124 554 Utut
2151 510 2240 560 est,
2277 510 2501 562 utramque
2541 522 2630 552 rem
2662 508 2798 552 Varro

385 574 586 616 tractavit
615 576 747 629 atque
775 587 858 617 non
888 573 1023 616 solum
1055 587 1277 617 numerum
1307 579 1474 619 centum
1506 588 1710 631 equorum
1748 579 1792 618 et
1827 586 1988 617 morem
2026 573 2084 617 ad
2113 573 2332 619 fluminum
2369 575 2485 631 ripas
2521 577 2797 621 certaminum

382 641 787 696 constituendorum,
818 641 893 685 sed
922 642 1052 685 etiam
1081 641 1405 686 Erichthonium
1436 645 1617 700 primum
1646 642 2021 699 quadrigarinm‚²)
2050 646 2202 697 postea
2230 657 2258 686 a
2287 642 2424 687 Plinio
2436 646 2467 695 ³)
2509 657 2678 700 quoque
2707 645 2798 690 lau-

383 708 545 765 datum,
576 715 703 767 poeta
733 725 784 753 ex
817 711 1009 753 Varrone
1040 715 1260 755 mutuatus
1291 719 1356 755 est
1387 714 1456 767 (cf.
1490 713 1603 756 Suet.
1638 714 1702 756 ed.
1736 710 2039 755 Reifferscheid
2069 727 2137 766 pg.
2171 714 2288 766 338).
2324 738 2376 744 —
2410 714 2550 756 Etiam
2587 715 2699 758 aliae
2729 731 2797 758 res

381 780 556 822 maioris
592 780 792 822 momenti
830 780 989 835 quippe
1025 795 1153 824 rarae
1190 788 1234 824 et
1271 782 1506 838 peculiares
1546 782 1836 825 varronianae
1875 781 2050 836 originis
2094 782 2311 835 putandae
2353 788 2462 825 sunt.
2531 784 2661 827 Primi
2698 784 2797 827 libri

380 861 510 892 verss.
549 848 606 892 30
635 861 726 904 sqq.
780 847 992 904 Vergilius
1023 848 1250 894 Caesarem
1288 849 1497 895 fautorem
1537 854 1580 894 et
1615 849 1882 895 laudatorem
1920 849 2129 904 poematis
2166 850 2398 906 implorans
2427 852 2682 908 cogitatione
2713 853 2795 897 sibi

381 914 584 971 depingit.
615 919 664 960 ut
692 916 812 961 illum
841 917 927 961 iam
957 919 1069 962 inter
1099 917 1242 962 sidera
1272 918 1452 963 relatum
1482 919 1715 974 scorpionis
1743 922 1904 963 astrum
1926 930 2022 961 cum
2042 918 2202 972 pietate
2223 919 2337 964 colat
2356 920 2501 965 chelas
2521 921 2794 966 contrahens:

382 985 481 1040 ‘qua
523 984 641 1030 locus
686 985 900 1043 Erigonen
944 987 1057 1031 inter
1101 987 1328 1043 chelasque
1360 988 1586 1044 sequentis.
1650 987 1856 1032 Panditur
1886 1011 1943 1018 --
1972 986 2063 1043 ipse
2108 986 2186 1031 tibi
2231 988 2316 1033 iam
2353 988 2553 1034 bracchia
2582 991 2795 1036 contrahit

379 1052 534 1099 ardens
580 1053 779 1111 Scorpios
823 1059 866 1100 et
902 1055 1011 1100 caeli
1046 1056 1160 1101 iusta
1198 1056 1294 1112 plus
1340 1061 1463 1112 parte
1514 1057 1750 1112 relinquit⁷3
1804 1056 1860 1101 ad
1898 1069 2026 1112 quam
2071 1057 2298 1112 imaginem
2343 1058 2604 1115 singularem
2655 1060 2794 1104 decla-

382 1122 559 1168 randam
588 1123 760 1169 Servius
788 1124 1010 1170 adnotavit
1039 1126 1151 1170 inter
1180 1125 1285 1170 alia:
1326 1125 1479 1170 ‘Varro
1509 1130 1651 1172 tamen
1682 1127 1745 1170 ait
1774 1139 1819 1169 se
1848 1125 2000 1182 legisse
2021 1124 2318 1181 Empedotimo
2339 1127 2509 1172 cuidam
2529 1127 2793 1184 Syracusano

379 1204 407 1235 a
435 1192 621 1248 quadam
651 1197 865 1250 potestate
894 1194 1039 1238 divina
1068 1195 1290 1238 mortalem
1320 1200 1538 1251 aspectum
1569 1195 1782 1238 detersum
1819 1206 2000 1250 eumque
2031 1195 2143 1236 inter
2172 1198 2316 1236 cetera
2344 1201 2447 1238 tres·
2463 1202 2610 1251 portas
2638 1199 2793 1240 vidisse

377 1265 549 1316 tresque
578 1263 688 1306 vias:
735 1277 864 1306 unam
908 1265 966 1307 ad
995 1266 1159 1318 signum
1197 1265 1443 1318 scorpionis,
1489 1278 1575 1318 qua
1606 1264 1809 1306 Hercules
1855 1263 1910 1305 ad
1955 1263 2056 1305 deos
2100 1264 2182 1305 isse
2227 1263 2459 1317 diceretur3
2498 1266 2677 1308 alteram
2715 1282 2792 1322 per

375 1330 565 1383 limitem,
603 1332 677 1387 qui
692 1336 773 1393 est
801 1333 914 1391 inter
942 1331 1106 1376 leonem
1140 1338 1185 1376 et
1214 1346 1434 1384 cancrum3
1472 1333 1643 1376 tertiam
1680 1346 1772 1376 esse
1801 1332 1914 1376 inter
1942 1332 2168 1387 aquarium
2199 1336 2242 1375 et
2270 1331 2419 1387 pisces.
2458 1339 2609 1389 argute
2645 1336 2792 1392 itaque

376 1412 470 1443 eam
499 1400 611 1444 viam
642 1395 694 1444 et'
715 1401 858 1446 sedem
888 1401 1040 1445 tribuit
1071 1402 1274 1457 Augusto,
1314 1400 1414 1445 forti
1453 1401 1716 1456 imperatori,
1755 1414 1883 1456 quam
1920 1399 2072 1443 habuit
2101 1400 2205 1444 deus
2236 1399 2432 1455 fortis'.⁴)
2493 1401 2611 1446 Haec
2647 1404 2789 1458 verba,

375 1482 499 1525 quae,
537 1484 590 1515 ex
622 1469 827 1515 Varronis
858 1475 1005 1516 satura
1047 1470 1241 1531 Τριοδίτῃ
1272 1469 1469 1526 rpem-uqi
1507 1472 1617 1527 (περὶ
1648 1468 1794 1527 ἀρετῆς
1824 1469 2015 1526 κτήσεως)
2055 1474 2239 1527 sumpta,
2276 1470 2320 1513 in
2356 1469 2496 1515 verbis
2528 1471 2787 1530 ‘adspectum

373 1540 595 1584 mortalem
626 1540 853 1585 detersum’
886 1540 1130 1596 corruptela
1167 1539 1352 1595 quadam
1398 1540 1512 1582 haud
1559 1542 1645 1583 scio
1693 1554 1746 1582 an
1786 1538 1939 1583 affecta
1983 1540 2081 1592 sint,
2126 1540 2287 1595 alioqui
2332 1540 2646 1596 intellegentiae
2692 1551 2789 1587 sunt

372 1607 508 1662 obvia,
539 1613 669 1665 atque
700 1611 743 1652 in
774 1609 855 1653 hac
885 1622 945 1662 re,
978 1607 1321 1665 quandoquidem
1360 1623 1410 1651 ex
1443 1609 1643 1651 Romanis
1683 1612 1854 1663 praeter
1884 1607 2109 1650 Reatinum
2141 1622 2263 1651 nemo
2293 1608 2346 1651 de
2378 1609 2559 1652 Hercule
2589 1610 2644 1653 ad
2675 1626 2788 1655 scor-

371 1677 510 1731 pionis
539 1679 704 1734 signum
733 1679 846 1721 viam
877 1678 1151 1734 aggrediente
1182 1679 1407 1733 quicquam
1440 1678 1631 1730 tradidit,
1664 1681 1789 1732 poet-a
1821 1690 1872 1719 ex
1903 1676 1976 1719 illo
1996 1677 2164 1732 pendet.
2213 1677 2333 1729 Quod
2364 1679 2399 1720 si
2420 1692 2582 1722 mecum
2611 1684 2786 1734 statues,

370 1759 567 1789 versuum
598 1761 743 1791 veram
775 1753 905 1802 atque
935 1748 1143 1803 integram
1176 1749 1428 1790 sententiam
1460 1746 1781 1803 redintegrabis
1837 1744 1947 1796 Quid
1983 1747 2094 1790 enim
2128 1746 2208 1790 hoc
2244 1745 2339 1790 loco
2370 1746 2610 1802 Scorpionis
2639 1749 2786 1794 chelae

369 1814 451 1858 sibi
487 1815 631 1869 velint,
679 1817 868 1872 Heynius
903 1816 1078 1859 Vossius
1115 1816 1247 1860 ceteri
1286 1815 1341 1858 ad
1372 1816 1412 1858 b.
1446 1830 1481 1857 v.
1528 1815 1866 1870 improbabiliter
1911 1814 2136 1870 explicant.
2198 1814 2413 1872 Virginem
2459 1817 2629 1871 quidem
2675 1821 2701 1862 i.
2748 1835 2783 1862 e.

369 1885 595 1929 Astraeam
634 1885 701 1940 (cf.
743 1886 831 1928 Ecl.
869 1885 930 1929 1V
969 1886 1041 1941 6.),
1077 1884 1296 1929 «Iustitiam
1335 1900 1361 1928 a
1397 1890 1524 1941 poeta
1561 1889 1675 1928 recte
1711 1883 1853 1927 induci
1891 1883 2210 1936 intellexerunt,
2248 1885 2322 1928 sed
2362 1887 2434 1940 qui
2473 1887 2782 1944 astrologorum

367 1956 634 2011 opinionibus
664 1958 796 2009 nixi³)
828 1969 905 2012 pro
926 1955 1058 2000 chelis
1078 1955 1387 1999 substituerunt
1417 1954 1583 2006 libram,
1616 1954 1739 2010 longe
1760 1969 1786 1997 a
1806 1968 1905 1998 vero
1934 1953 2135 1998 aberasse
2155 1953 2361 1998 videntur.
2411 1954 2579 2008 Quidni,
2611 1972 2783 2012 quaeso,

366 2024 478 2068 libra
515 2027 630 2081 ipsa,
676 2025 767 2068 Geo
806 2026 825 2067 Ι
865 2026 948 2068 208
986 2032 1335 2078 commemorata,
1382 2039 1408 2067 a
1446 2028 1573 2079 poeta
1610 2023 1875 2067 nominetur?
1926 2023 2080 2073 Quidni
2116 2024 2378 2078 scorpionem
2417 2025 2626 2080 omiserit,
2665 2027 2782 2070 sidus

366 2093 473 2136 alias
511 2094 762 2150 invisum?⁰)
807 2094 914 2137 Dein
959 2093 1144 2137 editores
1189 2108 1283 2136 cum
1328 2093 1407 2135 hoc
1453 2093 1544 2134 loco
1575 2092 1718 2135 chelas
1749 2092 1982 2147 scorpionis
2027 2091 2178 2135 libram
2225 2105 2317 2135 esse
2365 2093 2522 2146 iubent,
2568 2094 2651 2149 ipsi
2697 2098 2781 2139 vim

364 2163 560 2220 imaginis
580 2163 830 2208 deminuunt
850 2169 980 2220 atque
1001 2163 1160 2207 delent:
1200 2162 1401 2207 Justitiae
1429 2161 1632 2219 symbola,
1665 2161 1808 2205 chelas
1829 2163 1915 2205 sive
1947 2160 2145 2205 bracchia
2174 2162 2436 2216 scorpionem
2466 2176 2570 2217 prae
2592 2164 2781 2220 Augusto

364 2233 629 2288 contrahere,
667 2235 741 2290 qui
771 2233 863 2277 fieri
895 2237 1077 2290 poterat,
1110 2237 1156 2275 ut
1188 2238 1315 2289 poeta
1345 2231 1647 2276 contenderet?
1694 2230 1853 2282 Quibus
1884 2230 2076 2273 omnibus
2098 2229 2420 2273 difficultatibus
2441 2232 2600 2275 mederi
2630 2237 2779 2289 possis,

362 2304 398 2345 si
438 2302 644 2346 Varronis
679 2303 867 2346 fabulam
904 2307 1074 2359 poetam
1114 2302 1195 2344 sibi
1232 2302 1466 2344 vindicasse
1504 2306 1646 2356 putes:
1688 2306 1734 2342 ut
1773 2301 1976 2343 Hercules
2006 2301 2203 2342 virtutem
2236 2313 2435 2343 exercens
2464 2301 2519 2343 ad
2550 2302 2652 2345 deos
2682 2318 2780 2358 pro-

360 2373 498 2418 fectus
527 2377 593 2415 est
622 2372 692 2416 via
721 2372 777 2416 ad
809 2373 1073 2428 scorpionem
1095 2370 1286 2424 ducente,
1318 2372 1380 2414 ita
1403 2372 1615 2425 Augustus
1642 2383 1736 2412 cum
1757 2369 1831 2412 illo
1851 2374 2122 2425 comparatus
2142 2370 2403 2424 scorpionem
2425 2371 2507 2413 iam
2531 2378 2779 2417 consecutus

359 2447 438 2494 est,
470 2456 520 2485 eo
550 2441 826 2486 excellentior
855 2440 974 2485 Jovis
1006 2440 1107 2492 filio,
1129 2439 1243 2495 quod
1274 2440 1402 2483 etiam
1435 2441 1601 2494 scorpio
1635 2438 1955 2481 ‘formidolosus’
1989 2451 2137 2480 verens
2167 2441 2468 2493 imperatorem
2499 2440 2552 2482 de
2587 2442 2678 2484 loco
2709 2444 2781 2485 de-

359 2511 485 2564 cedit,
516 2511 578 2553 ita
608 2516 655 2553 ut
685 2510 737 2553 de
769 2510 879 2553 libra
910 2510 1145 2566 Vergilium
1175 2510 1254 2550 hoc
1285 2509 1378 2551 loco
1408 2511 1577 2551 omnino
1608 2522 1690 2550 non
1722 2508 1929 2562 cogitasse
1961 2521 2038 2561 pro
2070 2511 2188 2549 certo
2218 2506 2531 2550 affirmaverim.
2547 2509 2578 2561 ⁷)

568 2603 593 2645 1)
618 2601 662 2636 cf.
688 2600 850 2645 Kettner,
875 2601 1115 2636 Varronische
1142 2600 1289 2635 studien
1315 2610 1370 2643 pg.
1400 2602 1442 2634 78
1469 2600 1538 2634 sed.
1564 2600 1608 2632 cf.
1634 2598 1772 2633 Merkel
1798 2597 1890 2640 (vide
1915 2597 2018 2642 infra)
2043 2608 2099 2642 pg.
2129 2597 2203 2632 160.

561 2659 593 2702 ²)
619 2660 697 2703 Qua
713 2658 757 2694 de
774 2669 883 2694 causa
900 2658 1082 2704 quadrigis
1102 2662 1259 2693 uteretur
1277 2657 1542 2694 Erichthonius.
1568 2656 1748 2691 adnotavit
1773 2655 1910 2690 Probus
1937 2657 1971 2690 iu
1995 2654 2071 2690 Geo
2096 2654 2149 2689 111
2177 2655 2242 2690 113
2266 2664 2323 2699 pg.
2349 2656 2393 2690 60
2418 2655 2508 2690 Keil.
2526 2677 2567 2681 -—
2584 2656 2772 2693 Numerum

355 2718 597 2753 centenarium
622 2717 812 2761 explicavit
835 2716 984 2751 Vossius
1007 2715 1163 2750 Servium
1188 2721 1341 2751 secutus.
1367 2714 1461 2758 quod
1483 2714 1685 2748 dubitanter
1710 2712 1871 2755 probavit
1895 2711 2201 2755 Heyne-Wagner.

560 2772 591 2817 ³)
615 2773 658 2808 cf.
683 2772 787 2809 Plinii
814 2777 884 2808 nat.
910 2772 991 2808 hist.
1016 2771 1085 2807 V11
1109 2772 1163 2807 56.

558 2831 592 2874 ⁴)
616 2829 757 2875 Fragm.
775 2829 791 2864 1
809 2829 904 2875 apud
929 2829 1035 2864 Riese
1060 2839 1117 2874 pg.
1136 2828 1219 2869 2333
1252 2828 1295 2862 cs.
1324 2827 1470 2862 Vahlen.
1497 2827 1726 2862 coniectanea
1758 2825 1793 2860 in
1816 2825 1864 2860 M.
1892 2824 2048 2860 Terentii
2075 2824 2246 2860 Varronis
2277 2828 2476 2860 saturarum
2503 2825 2772 2872 Menippea-rum

354 2887 533 2932 reliquias.
582 2886 726 2931 Lipsiae
756 2887 850 2922 1858.
876 2897 935 2932 pg.
961 2886 1027 2921 213
1053 2897 1129 2931 sqq.

558 2943 586 2988 ⁵)
612 2942 654 2978 cf.
674 2942 799 2986 ldeler‚
818 2942 1137 2987 Untersuchungen
1154 2942 1242 2976 uber
1258 2941 1327 2975 den
1345 2940 1531 2985 Ursprung
1548 2939 1619 2973 und
1636 2939 1693 2973 die
1711 2938 1920 2982 Bedeutung
1937 2938 2001 2972 der
2014 2942 2255 2973 §temnamem
2280 2938 2402 2972 Berlin
2419 2940 2516 2974 1809.
2542 2950 2598 2984 pg.
2616 2941 2679 2975 174
2693 2952 2770 2986 sqq.

557 3001 589 3043 ὓ)
613 2999 657 3033 cf.
683 2999 768 3033 Hor.
794 3011 822 3033 c.
850 3000 884 3033 11
910 3001 942 3042 7,
971 3001 1028 3034 17:
1052 2999 1301 3033 formidolosus
1326 2999 1485 3042 scorpio,
1510 2997 1597 3031 Ovid
1622 2996 1754 3030 Metam
1780 2996 1813 3029 II
1838 2996 1893 3030 32.
1920 2995 2006 3029 Fast
2029 2994 2080 3028 IV
2107 2995 2187 3028 164:
2211 2994 2430 3029 metuendus.

558 3057 589 3098 ⁷)
614 3057 670 3090 An
694 3056 802 3091 Geol
828 3057 890 3090 461
921 3056 1087 3099 ‘denique
1111 3055 1196 3099 quid
1221 3066 1348 3100 vesper
1372 3066 1472 3090 serus
1497 3054 1612 3088 vehat>
1641 3052 1884 3088 Varronianac
1909 3056 2051 3087 saturae
2076 3051 2355 3096 inscriptionem:
2381 3053 2511 3086 ‘nescis
2536 3053 2620 3097 quid
2645 3063 2772 3099 vesper

354 3123 453 3150 serus
478 3113 596 3149 vehat’
622 3111 774 3155 (Gellius
798 3111 885 3148 XIII
915 3112 966 3156 ll,
996 3113 1029 3156 1)
1053 3116 1129 3148 aut:
1157 3112 1285 3148 <noscis
1310 3111 1394 3157 quid
1419 3120 1545 3155 vesper
1569 3109 1685 3145 vehat³
1718 3107 1937 3151 (Macrobius
1964 3107 1979 3143 I
2005 3109 2036 3150 7,
2065 3108 2116 3152 12,
2142 3107 2201 3153 qui
2225 3106 2356 3152 ubique
2380 3107 2453 3143 fere
2477 3118 2521 3143 ex
2545 3108 2606 3145 illo
2630 3109 2770 3155 pendet,

354 3170 581 3216 quamobrem
613 3181 635 3206 a
666 3169 886 3205 Buechelero
919 3169 955 3204 in
986 3169 1143 3204 Petronii
1175 3174 1242 3203 ete.
1278 3168 1484 3213 fragmentis
1515 3166 1754 3211 inscriptionis
1784 3167 1898 3200 forma
1928 3175 1948 3199 a
1980 3165 2098 3210 priore
2135 3169 2274 3199 servata
2309 3170 2628 3205 commemoratur).
2663 3171 2770 3211 poeta

354 3228 587 3271 denotaverit,
611 3232 651 3261 ut
674 3227 731 3261 W.
758 3226 976 3261 Ribbeckius
1000 3227 1122 3268 (index
1148 3231 1329 3261 auctorum
1355 3225 1411 3259 ad.
1437 3227 1469 3259 h.
1496 3226 1534 3267 l.)
1558 3225 1734 3269 opinatur,
1766 3223 1868 3257 valde
1892 3228 1947 3257 est
1970 3221 2260 3265 addubitandum‚
2289 3221 2384 3265 quod
2408 3221 2494 3256 illud
2519 3222 2587 3257 iam
2613 3232 2771 3258 sermone

352 3284 475 3319 tritum
499 3283 722 3328 proverbium
748 3288 804 3319 est
825 3282 885 3323 (ef.
909 3282 985 3319 Liv.
1003 3282 1103 3318 XLV
1127 3283 1158 3320 S.
1183 3284 1217 3326 G)
1241 3286 1278 3317 et
1301 3281 1345 3317 de
1368 3281 1473 3317 titulo
1498 3281 1574 3326 ipso
1598 3280 1691 3315 inter
1706 3278 1859 3315 Gellium
1875 3282 1912 3313 et
1927 3277 2148 3314 Macrobium
2172 3277 2380 3322 ambigitur3
2402 3278 2468 3313 huc
2495 3277 2644 3321 aceedit,
2673 3277 2768 3321 quod

354 3340 414 3376 alii
437 3340 578 3375 codices
602 3340 770 3375 exhibent
795 3340 923 3375 ‘vehat’
951 3340 1005 3374 vel
1031 3344 1152 3384 (ηραν,
1177 3339 1238 3374 alii
1263 3339 1379 3374 <t'erat’
1405 3339 1448 3374 cf.
1474 3338 1549 3373 Liv.
1577 3337 1597 3371 l.
1624 3337 1661 3371 l.:
1688 3340 1791 3380 ‘cum,
1818 3335 1902 3380 quid
1927 3345 2052 3381 vesper
2075 3335 2176 3380 ferat,
2201 3335 2372 3370 incertum
2397 3335 2464 3371 site
