2996 3790
1466 205 1524 253 88

265 362 1204 427 madmeneosssariadvicmm
1231 398 1417 410 .....
1448 362 2188 421 Quartonobigumaossoram.
2307 362 2713 427 .itsmadveneror

250 430 524 479 Ιιιάνεω
559 435 608 478 et
635 428 860 487 venerem,
891 447 1076 490 quarum
1103 435 1230 478 unius
1257 436 1504 491 procuratio
1533 433 1692 490 oliveti,
1721 433 1900 479 alterius
1926 423 2191 479 hortorum.
2309 432 2442 479 .Nec
2467 447 2554 478 non
2579 432 2712 477 etiam

280 494 440 564 precer
467 500 711 559 Lympham
745 514 799 546 ac
827 501 992 546 Bonum
1021 502 1272 548 Eventum.
1349 504 1445 548 .iis
1480 504 1615 560 igitur
1652 503 1744 549 deis
1773 502 1829 548 ad
1855 502 2171 548 venerationem
2191 466 2410 548 advocatis
2429 516 2508 560 ego
2525 500 2711 548 referam

286 583 504 626 wenc·
525 571 628 616 etc.²
689 569 902 626 Vergilius
930 572 1062 628 igitur
1090 576 1306 629 precatur,
1336 587 1382 617 se
1412 577 1462 617 ut
1490 572 1694 618 adiuvent
1722 572 1963 617 clarissima
1988 570 2152 617 lumina
2179 571 2340 628 muudi,
2369 572 2398 616 i.
2420 586 2456 616 e.
2490 570 2633 616 Solem
2660 574 2707 615 et

281 637 467 699 anm,
496 638 713 692 Liberum,
751 638 965 695 Cererem,
1001 640 1184 694 Faunos,
1223 641 1433 699 Dryadas,
1479 641 1739 698 Neptunum,
1776 641 1949 693 Panem,
1987 639 2238 695 Minervam,
2276 640 2508 693 Silvanum,
2544 644 2710 685 ceteros

287 707 392 754 deos
419 714 634 766 agrestes3
679 708 820 754 Varro
861 709 1032 754 invocat
1074 709 1238 763 Jovem,
1283 710 1509 764 Tellurem,
1555 709 1709 765 Solem,
1754 711 1933 764 Lunam,
1973 708 2187 763 Cererem,
2234 709 2448 765 Liberum,
2485 709 2708 766 Robigum,

285 770 474 832 Floram,
504 777 754 832 Minervam,
784 777 1006 832 Venerem,
1038 778 1290 837 Lympham,
1320 779 1487 825 Bonum
1506 779 1728 825 Eventum.
1774 779 1905 824 Vides
1932 778 2049 835 apud
2075 783 2305 836 utrumque
2323 783 2497 836 praeter
2523 779 2709 835 quinque

287 870 346 879 —-
375 846 519 892 Solem
546 847 712 891 Lunam
742 846 940 891 Cererem
972 847 1176 893 Liberum
1206 849 1441 893 Minervam
1470 871 1529 880 —
1558 848 1682 905 longe
1718 848 1826 892 alios
1855 847 1958 892 deos
1986 845 2152 901 induci;
2188 847 2265 893 sed
2293 847 2634 892 animadvertere
2663 850 2708 892 te

287 915 429 972 velim,
474 920 647 974 quanto·
680 916 813 960 etiam
855 916 901 960 ιιι
944 916 1013 961 his
1057 918 1303 963 invocandis
1346 923 1528 975 uterque
1573 917 1757 962 differat.
1841 915 1915 961 Sol
1958 920 2004 960 et
2039 915 2176 970 Luna,
2214 931 2242 961 a
2285 916 2479 962 Varrone
2521 916 2708 962 breviter

287 986 522 1041 nominata,
566 985 748 1029 circuitu
784 984 1011 1042 eloquendi
1041 1001 1069 1031 a
1098 987 1277 1044 Vergilii
1314 987 1513 1031 dicuntur
1551 988 1653 1039 ‘vos,
1692 1001 1718 1031 o
1755 986 1992 1031 clarissima
2027 984 2208 1038 mundi;'
2245 985 2377 1030 Liber
2412 990 2458 1031 et
2486 985 2629 1037 Ceres,
2658 988 2708 1029 ut

287 1054 352 1098 ait
379 1053 608 1110 Vergilius,
644 1053 844 1110 leguntur
879 1059 1095 1099 retrorsus
1132 1056 1248 1112 apud
1278 1056 1526 1100 Varronem.
1596 1055 1699 1100 Sola
1733 1055 1939 1107 Minerva,
1976 1053 2157 1109 Vergilii
2194 1054 2329 1099 ‘oleae
2365 1053 2604 1107 inventrix’,
2642 1056 2708 1097 est

288 1122 508 1176 Varronis,
538 1122 679 1166 altera
707 1121 884 1167 dearum
914 1125 1112 1180 ‘quarum
1141 1125 1266 1167 unius
1294 1124 1539 1180 procuratio
1569 1123 1726 1167 oliveti
1730 1126 1741 1145 ’
1792 1122 1941 1179 Neque
1970 1135 2072 1166 vero
2100 1126 2145 1167 te
2175 1137 2340 1167 summa
2367 1122 2511 1167 fallatz
2549 1122 2706 1166 diserte

286 1190 426 1235 Varro
470 1190 665 1236 declarat
705 1205 779 1236 eos
814 1191 918 1235 deos
956 1192 1111 1248 quibus
1149 1192 1359 1236 Homerus
1397 1197 1441 1236 et
1469 1192 1631 1236 Ennius
1669 1192 1912 1249 supplicent
1948 1205 1994 1236 se
2029 1206 2114 1235 non
2150 1193 2443 1236 invocaturum
2480 1204 2573 1236 esse
2608 1191 2636 1234 i.
2667 1203 2703 1234 e.

286 1273 445 1317 graeca
486 1260 682 1315 numina3
743 1260 959 1317 Vergilius
1011 1260 1187 1305 Graecis
1222 1265 1338 1305 totus
1390 1261 1560 1306 deditus
1607 1261 1806 1306 Cererem
1850 1260 2047 1318 Dryadas
2091 1260 2337 1317 Neptunum
2380 1260 2539 1304 Panem
2583 1258 2705 1302 initio

288 1329 488 1373 carminis
531 1333 733 1386 precatur
772 1329 1058 1374 Romanorum
1099 1329 1309 1385 indigenis
1346 1330 1437 1375 deis
1473 1329 1751 1387 posthabitis,
1796 1330 2053 1386 nequiquam
2083 1329 2215 1386 igitur
2245 1329 2361 1387 apud
2390 1342 2488 1375 eum
2515 1328 2706 1384 requires

286 1397 496 1456 Robigum
526 1398 698 1443 Floram
716 1398 969 1458 Lympham
998 1399 1163 1443 Bonum
1193 1399 1414 1444 Eventum.
1484 1399 1645 1444 Tamen
1682 1400 1765 1444 nisi
1795 1399 1934 1444 Varro
1971 1399 2211 1480 exemplum
2241 1398 2458 1454 edidisset,
2494 1396 2706 1477 Vergilius

137 1483 186 1524 ⁴7
239 1451 256 1533 J
284 1480 312 1511 a
341 1467 550 1513 similibus
580 1460 778 1525 precibus
806 1482 980 1512 carmen
1008 1470 1100 1512 sine
1130 1469 1259 1514 dubio
1287 1461 1559 1537 numqua}
1540 1458 1802 1513 inchoasset.
2305 1468 2567 1479 “”’“““’“”’”’”“”
2570 1469 2663 1480 “”““”“

460 1523 585 1535 -...-—-.-.
571 1527 729 1536 ..,..,,,....,..

286 1527 456 1554 0„aeaess
487 1537 638 1594 Neque
668 1537 796 1582 aliter
823 1522 1111 1581 iudicandum*
1129 1542 1194 1580 est
1215 1529 1296 1581 de
1312 1527 1517 1581 'vei-sibus
1537 1528 1643 1581 Geo
1653 1530 1715 1581 ”11
1723 1531 1828 1589 136,
1859 1538 1934 1582 ubi
1963 1537 2177 1595 Vergilius
2206 1537 2357 1581 laudes
2385 1536 2540 1581 Italiae
2569 1535 2705 1588 canit;

283 1606 354 1651 hic
382 1607 514 1651 etiam
543 1621 689 1651 omnes
718 1606 808 1650 fere
837 1606 1024 1650 editores
1054 1606 1290 1650 Varronem
1320 1612 1537 1651 auctorem
1566 1609 1720 1651 merito
1753 1607 1982 1657 adducunt,
2042 1608 2093 1650 cf.
2133 1607 2224 1650 Geo
2245 1606 2289 1649 11
2312 1606 2415 1649 136·
2454 1604 2539 1648 Sed
2567 1616 2705 1659 neque

283 1674 526 1728 Medorum,
564 1675 698 1719 silvae
741 1674 974 1727 ditissima,
1019 1680 1138 1721 terra
1175 1676 1264 1721 Nec
1301 1677 1479 1733 pulcher
1516 1677 1686 1734 Ganges
1725 1683 1855 1734 atque
1892 1691 1997 1721 auro
2035 1676 2232 1720 turbidus
2269 1675 2452 1720 Hermus
2489 1672 2704 1717 Laudibus

282 1745 435 1789 Italiae
455 1748 622 1789 certent
641 1777 784 1788 .....
805 1744 889 1789 Sed
909 1745 1113 1801 gravidae
1132 1746 1275 1802 fruges
1303 1752 1346 1790 et
1367 1748 1527 1791 Bacchi
1557 1747 1764 1792 Massicus
1794 1761 1917 1790 umor
1946 1745 2200 1801 Implevere;
2233 1747 2379 1788 tenent
2398 1743 2518 1787 oleae
2538 1756 2705 1785 armen·

282 1817 413 1870 taque
441 1813 559 1857 laeta
590 1846 601 1856 .
635 1846 645 1857 .
678 1846 688 1857 .
724 1813 795 1858 hic
838 1828 913 1858 ver
943 1814 1160 1859 assiduum
1206 1820 1337 1872 atque
1382 1817 1532 1861 alienis
1562 1817 1777 1861 mensibus
1822 1820 1985 1868 aestas3
2030 1814 2103 1859 Bis
2149 1813 2351 1871 gravidae
2393 1811 2594 1870 pecudes,
2639 1810 2704 1854 bis

281 1884 420 1940 pomis
448 1882 568 1927 utilis
597 1881 726 1927 arbos
730 1916 912 1927 .....
946 1883 1068 1928 Adde
1098 1889 1164 1928 tot
1194 1887 1388 1942 egregias
1418 1887 1545 1931 urbes
1577 1900 1836 1942 operumque
1864 1884 2068 1936 laborem,
2099 1887 2165 1928 tot
2193 1886 2395 1939 congesta
2422 1896 2551 1926 manu
2579 1894 2704 1937 prae-
2746 1922 2752 1926 .

282 1952 422 2007 ruptis
450 1950 612 2007 oppida
641 1951 756 1994 saxis
785 1951 1066 2008 Fluminaque
1097 1955 1296 2010 antiquos
1327 1955 1666 1999 subterlabentia
1695 1968 1840 1998 muros
1876 1958 1957 1997 etc.
1996 1957 2063 1997 etc
2065 1985 2247 1996 .....
2278 1951 2397 1996 Haec
2432 1964 2564 2007 genus
2605 1962 2705 1993 acre

283 2021 435 2073 virum,
466 2018 635 2062 Marsos
664 2019 905 2075 pubemque
938 2020 1153 2064 Sabellam
1184 2022 1493 2079 adsuetumque
1523 2023 1637 2066 malo
1660 2024 1858 2079 Ligurem
1891 2022 2149 2078 Volscosque
2179 2024 2350 2065 verutos
2379 2018 2566 2073 Extulit,
2596 2017 2704 2062 haec

282 2087 452 2140 Decios,
490 2086 664 2142 Marios,
710 2103 971 2144 magnosque
1018 2089 1241 2143 Camillos,
1287 2091 1512 2147 Scipiadas
1558 2092 1687 2135 duros
1736 2092 1846 2134 bello
1890 2095 1935 2135 et
1976 2095 2034 2143 te,
2079 2103 2276 2133 maxume
2313 2088 2485 2139 Caesar’
2517 2117 2701 2130 .....

281 2157 334 2202 cf.
365 2157 506 2202 Varro
535 2172 572 2201 r.
602 2173 639 2201 r.
670 2157 692 2200 I
723 2160 762 2212 2,
796 2159 907 2201 3—7
940 2174 1032 2214 sqq.
1101 2159 1221 2202 ‘Cum
1259 2160 1607 2212 consedissemus,
1654 2162 1871 2216 Agrasius,
1918 2161 2021 2210 Vos,
2065 2161 2139 2214 qui
2176 2158 2332 2200 multas
2374 2154 2704 2212 perambulastis

280 2229 435 2280 terras,
471 2240 649 2282 ecquam
678 2227 901 2272 cultiorem
939 2227 1067 2272 Italia
1096 2229 1294 2272 vidistis?
1333 2230 1485 2285 inquit.
1544 2231 1635 2286 Ego
1672 2245 1785 2281 vero,
1824 2231 1999 2286 Agrius,
2038 2228 2198 2270 nullam
2237 2227 2423 2270 arbitror
2460 2239 2553 2268 esse
2591 2237 2703 2279 quae

281 2298 372 2340 tam
402 2298 496 2339 tota
525 2295 584 2338 sit
613 2295 754 2339 culta'.
816 2294 1021 2341 Conferas
1059 2312 1154 2341 cum
1184 2302 1329 2342 cetera
1366 2303 1458 2342 tum
1496 2297 1523 2355 ξ
1555 2300 1602 2341 6;
1643 2297 1818 2341 ‘Contra
1856 2297 1960 2353 quid
1995 2297 2040 2339 ιιι
2076 2296 2206 2339 Italia
2240 2295 2422 2338 utensile
2456 2307 2541 2336 ιιοιι
2575 2292 2702 2335 modo

282 2377 367 2408 non
396 2362 599 2417 nascitur,
629 2363 706 2409 sed
735 2364 866 2408 etiam
894 2380 978 2409 non
1008 2368 1225 2422 egregium
1254 2366 1333 2410 fit?
1378 2367 1499 2418 Quod
1529 2368 1596 2411 far
1627 2368 1841 2410 conferam
1873 2367 2120 2422 Campano?
2165 2365 2287 2416 Quod
2316 2366 2505 2406 triticum
2534 2362 2703 2417 Apulo?

280 2433 398 2491 quod
425 2434 569 2478 vinum
600 2433 812 2478 Falerno?
858 2433 979 2487 Quod
1025 2435 1164 2481 oleum
1195 2436 1413 2481 Venafro?
1458 2451 1543 2480 non
1587 2436 1812 2480 arboribus
1843 2438 2007 2479 consita
2050 2434 2190 2488 Italia,
2235 2437 2284 2477 ut
2326 2438 2420 2476 tota
2464 2432 2701 2487 pomarium

226 2487 251 2564 J.
279 2502 508 2547 videatur‘?
544 2504 653 2560 sqq?
685 2502 921 2548 Varronem
951 2507 995 2548 et
1026 2504 1261 2562 Vergilium
1297 2505 1350 2551 de
1381 2505 1531 2550 eadem
1559 2521 1612 2564 re
1639 2505 1965 2562 diversisfflma
1956 2505 2124 2564 ratione
2153 2502 2437 2559 disputavisse
2465 2515 2589 2544 nemo
2617 2514 2702 2545 non

226 2567 227 2570 ’
278 2572 407 2617 videt.
471 2570 652 2616 Falleris
691 2573 729 2616 si
767 2573 883 2629 apud
918 2578 1088 2630 poetam
1127 2575 1353 2631 quicquam
1393 2574 1446 2619 de
1483 2568 1599 2620 farre
1630 2574 1858 2632 Campano,
1904 2573 2047 2618 tritico
2069 2565 2230 2629 Apulo,
2274 2572 2372 2615 vino
2408 2570 2602 2622 Falerno,
2648 2569 2702 2614 de

280 2641 374 2686 oleo
395 2640 597 2694 Venafro,
618 2641 735 2698 apud
757 2642 993 2686 Varronem
1023 2644 1252 2699 quicquam
1283 2643 1336 2687 de
1365 2643 1564 2703 urbibus
1571 2643 1737 2697 Italiae,
1769 2643 1822 2687 de
1854 2643 1958 2686 viris
1987 2642 2225 2686 illustribus
2254 2642 2423 2698 patriae
2453 2639 2698 2696 quaesieris.

278 2709 372 2754 Hac
421 2724 509 2754 una
559 2724 607 2754 re
657 2717 917 2768 congruunt,
970 2712 1144 2757 Italiam
1194 2728 1286 2758 esse
1338 2703 1644 2758 fertilissimam
1699 2718 1744 2757 et
1793 2714 2071 2757 cultissimam
2122 2716 2304 2764 terram,
2350 2709 2465 2766 quod
2516 2709 2601 2752 sita
2655 2709 2701 2752 ιιι

220 2768 249 2891 ll
279 2778 598 2835 ‘temperatiore
626 2782 764 2835 parte'
795 2785 953 2824 natura
980 2782 1090 2825 caeli
1119 2783 1269 2838 optimi
1301 2787 1345 2825 et
1374 2782 1643 2826 saluberrimi
1672 2781 1872 2838 praedita
1900 2783 1968 2825 sit.
2030 2780 2121 2824 Nec
2148 2779 2256 2824 nihil
2284 2778 2475 2837 profecto
2503 2777 2702 2822 viderunt

243 2870 246 2878 ·-
278 2848 354 2904 qui
383 2847 620 2892 Varronem
648 2853 803 2904 poetae
831 2865 981 2893 ansam
1010 2851 1259 2907 praebuisse
1288 2855 1455 2906 putant,
1485 2856 1535 2894 ut
1563 2852 1742 2894 carmini
1761 2855 1981 2894 venustam
2007 2850 2127 2893 illam
2147 2849 2452 2905 digressionem
2479 2847 2698 2892 insereret.

480 2916 624 2974 Atque
652 2916 724 2962 hic
751 2917 918 2976 longius
948 2934 1078 2976 quam
1114 2920 1245 2964 ceteri
1275 2919 1538 2976 progrediar.
1614 2918 1726 2963 Nam
1762 2920 1875 2964 idem
1906 2919 2045 2964 Varro
2081 2933 2177 2963 cum
2213 2922 2360 2962 nostro
2397 2917 2490 2961 loco
2526 2916 2700 2961 Eratos-

276 2985 449 3031 thenem
462 2985 497 3042 ¹)
538 2990 692 3032 testem
735 2987 932 3041 adducit,
975 2994 1148 3045 poetam
1184 2991 1334 3043 movit,
1381 2993 1430 3031 ut
1474 3002 1605 3044 supra
1641 2988 1730 3032 Geo
1760 2989 1781 3032 1
1812 2990 1896 3033 233
1933 3004 2025 3045 sqq.
2067 2988 2276 3032 Graecum
2313 2988 2454 3043 ipsum
2496 2986 2542 3029 in
2584 2987 2700 3030 zonis

276 3054 569 3102 describendis
604 3056 853 3102 consuleret.
925 3057 1123 3103 Ceterum
1160 3059 1206 3103 hi
1243 3064 1333 3103 tres
1362 3058 1599 3111 Eudoxum,
1636 3060 1819 3115 primum
1857 3059 2011 3103 harum
2040 3073 2182 3103 rerum
2204 3057 2443 3109 doctorem,
2473 3061 2699 3113 sequentes

275 3125 409 3183 probe
452 3127 594 3172 sciunt
642 3126 858 3185 regionem
901 3127 1021 3172 illam
1055 3132 1200 3172 terrae
1235 3128 1524 3185 caliginosam,
1570 3127 1729 3185 frigore
1765 3133 1809 3174 et
1843 3129 1980 3185 glacie
2021 3128 2265 3181 horridam3
2311 3126 2362 3170 cf.
2403 3126 2699 3171 Eratosthenis

485 3229 512 3272 ¹)
532 3227 577 3266 cf.
600 3227 717 3266 Varro
733 3228 752 3265 1
776 3230 809 3276 2,
830 3230 868 3267 3:
892 3229 1058 3277 ‘primum
1081 3240 1161 3267 cum
1184 3230 1281 3267 orbis
1303 3235 1422 3267 terrae
1446 3230 1580 3267 divisus
1604 3230 1650 3266 sit
1672 3231 1709 3267 in
1733 3230 1822 3267 duas
1844 3234 1967 3276 partes
1990 3230 2036 3266 ab
2059 3230 2298 3266 Eratosthene
2320 3238 2483 3264 maxume
2507 3228 2699 3265 secundum

275 3288 452 3332 naturam,
486 3285 533 3321 ad
555 3285 740 3322 meridiem
763 3295 888 3333 tersus
911 3290 949 3323 et
971 3286 1018 3323 ad
1041 3286 1311 3333 septemtriones
1343 3313 1352 3322 .
1387 3312 1397 3322 .
1432 3313 1441 3322 .
1481 3313 1489 3322 .
1524 3296 1641 3332 neque
1664 3288 1801 3332 mirum,
1825 3287 1921 3333 quod
1945 3291 2028 3324 sunt
2049 3286 2214 3332 regiones
2243 3286 2336 3322 inter
2357 3285 2528 3322 circulum
2550 3289 2701 3331 septem·

276 3340 465 3380 trionalem
489 3345 525 3379 et
548 3345 642 3380 inter
664 3341 845 3380 cardinem
867 3342 971 3389 caeli,
995 3342 1058 3381 ubi
1081 3342 1136 3380 sol
1158 3345 1266 3380 etiam
1289 3353 1354 3380 sex
1376 3342 1558 3381 mensibus
1580 3343 1757 3381 continuis
1780 3354 1853 3381 uon
1876 3343 2026 3382 videtur.
2050 3345 2170 3390 itaque
2192 3342 2229 3381 ιιι
2251 3353 2387 3381 oceano
2410 3370 2419 3379 .
2445 3370 2454 3378 .
2477 3370 2488 3379 .
2512 3347 2547 3379 .‘.
