2996 3790
1460 240 1520 285 'm

280 394 613 442 omnim:
652 387 849 453 ‘gnam
885 397 1128 444 manuam
1163 399 1209 457 (g
1235 399 1298 455 s),
1343 401 1477 445 vitm
1511 399 1794 457 pastui-iciam
1819 398 1867 454 (s
1892 399 1960 453 4),
1998 389 2385 457 mumma
2412 380 2497 455 5)‚''
2522 408 2705 458 qm

279 465 469 511 moiun
511 461 616 509 οὐδὲ
647 468 731 521 γρῦ
772 465 830 511 ad
871 469 1045 523 poetam
1085 467 1303 513 manabat.
1375 468 1558 514 Tantum
1604 466 1748 521 verba,
1790 465 1949 524 quibus
1991 466 2152 522 gradus
2191 466 2406 513 naturalis
2437 468 2704 518 declmtur:

279 538 391 578 ‘eum
419 533 613 578 viverem
640 545 695 578 eu
722 534 787 579 eis
814 534 956 588 rebus,
995 547 1108 592 quae
1149 535 1356 580 inviolata
1396 535 1532 581 ferret
1565 538 1713 588 terra',
1756 533 2079 580 similitudinem
2116 533 2331 593 quandam
2361 535 2578 593 ‘pradvsnt
2608 550 2708 581 eum

199 626 206 634 ,
279 615 320 645 v.
352 603 457 647 128:
489 600 632 646 ‘tellus
661 604 806 648 omnia
833 603 1009 648 liberius
1037 603 1156 647 nullo
1183 609 1386 661 poscente
1414 604 1609 649 ferebat)
1648 605 1808 650 Verum
1825 602 1936 648 tales
1953 604 2194 649 sententiae
2212 605 2300 649 iam
2318 603 2376 660 ab
2395 604 2706 664 antiquissimis

280 669 547 728 temporibus
575 685 630 716 ex
650 671 982 729 Hesiodosppp.
1011 685 1051 716 v.
1086 671 1209 727 117):
1241 674 1419 729 (καρπὸν
1446 672 1489 716 ὅ·
1519 673 1644 730 ἔφερε
1673 672 1866 728 ζείδωρος
1891 671 2059 727 ἄρουρα
2089 671 2319 729 αὐτομάτη·
2345 674 2489 730 poetis
2516 673 2704 720 trad‘wae

281 743 419 792 erant,
445 743 501 784 ut
526 753 674 784 onmes
702 755 798 784 cum
827 741 1021 785 omnibus
1040 755 1285 785 communes
1312 741 1534 786 haberent.
1567 741 1690 794 Quod
1710 743 1747 785 si
1767 744 1934 784 attento
1962 743 2009 784 et
2034 740 2204 797 iategm
2239 742 2382 787 animo
2416 741 2527 789 haee
2557 742 2708 788 intuiti

281 808 453 861 erimus,
483 811 534 853 ut
562 806 796 865 Vergilium
830 810 1092 855 imitatorem
1129 808 1337 855 Varronis
1374 810 1622 868 apellenus,
1666 809 1784 855 nullo
1826 808 1953 854 modo
1996 808 2092 856 fieri
2125 810 2300 868 poterit,
2340 810 2421 857 sed
2455 810 2538 856 boc
2570 824 2704 857 unum

280 881 539 932 statuemus,
583 877 696 923 idem
723 878 840 937 quod
873 880 961 924 iam
1000 893 1152 938 supra,
1191 881 1361 925 nonnisi
1396 879 1630 938 impulsore
1663 878 1858 924 Varrone
1894 891 2053 925 aureae
2090 879 2249 926 aetatis
2291 879 2477 939 imagine
2513 894 2542 925 a
2577 884 2707 938 poeta

281 960 454 992 carmen
479 950 734 992 exornatum
765 961 869 995 esse.

482 1015 768 1060 Nihilominus
787 1019 936 1074 paucis
956 1017 1164 1062 Varronis
1184 1018 1290 1062 locis
1308 1032 1405 1062 cum
1425 1017 1616 1074 Vergilio
1646 1031 1756 1061 nunc
1785 1017 2046 1073 comparatis
2073 1017 2133 1061 ad
2158 1020 2430 1071 senteutiam,
2460 1023 2510 1063 ut
2533 1020 2702 1076 opinor,

281 1084 554 1139 adducemur,
584 1090 740 1141 poetae
757 1085 1001 1142 Georgicon
1029 1087 1164 1132 libros
1192 1086 1395 1131 scribenti
1424 1086 1634 1131 Varronis
1661 1099 1771 1143 opus
1800 1090 1918 1129 certe
1943 1090 2121 1142 praesto
2150 1087 2294 1132 fuisse.
2346 1076 2551 1133 Conferas
2579 1087 2706 1133 velim

282 1153 372 1198 Geo
399 1153 465 1197 111
496 1154 602 1199 335:
648 1156 752 1199 ‘tum
790 1157 931 1200 tenuis
968 1156 1074 1201 dare
1109 1170 1256 1200 rursus
1292 1169 1430 1212 aquas
1463 1160 1513 1199 et
1547 1168 1773 1212 pascere
1809 1167 1990 1198 rursus
2026 1155 2156 1199 solis
2192 1156 2257 1200 ad
2291 1159 2571 1208 oceasum’.
2604 1170 2705 1201 cum

282 1221 475 1265 Varrone
511 1222 554 1265 11
585 1225 624 1275 2,
665 1225 738 1266 10:
788 1226 901 1268 ‘aere
933 1226 1178 1281 vespertino
1208 1239 1389 1268 rursus
1417 1228 1642 1281 pascunt
1684 1222 1748 1266 ad
1794 1222 1923 1266 solis
1960 1226 2230 1279 occasum’,
2269 1224 2344 1269 ubi
2376 1224 2435 1268 de
2472 1225 2621 1269 eadem
2657 1239 2706 1269 re

281 1291 436 1344 agitur.
498 1289 643 1334 Verba
678 1290 808 1335 talem
847 1293 1056 1348 praebent
1098 1307 1362 1348 consensum,
1407 1298 1457 1337 ut
1485 1292 1540 1336 de
1570 1290 1748 1348 Vergilii
1778 1291 2016 1335 imitatione
2047 1293 2120 1336 vix
2149 1292 2342 1337 dubitari
2377 1293 2525 1350 possit.
2584 1292 2704 1337 {dem

281 1358 425 1403 valent
468 1357 559 1403 Geo
588 1358 654 1403 111
688 1362 772 1405 170
815 1361 915 1406 ‘illis
957 1362 1044 1407 iam
1089 1376 1218 1419 saepe
1262 1367 1415 1408 rotae
1459 1361 1722 1406 ducantur
1750 1361 1948 1404 inanes’
1993 1380 2039 1398 =
2067 1360 2209 1406 Varro
2235 1361 2260 1406 1
2290 1362 2359 1415 20,
2401 1365 2447 1406 2:
2487 1361 2609 1420 ‘quos
2645 1362 2706 1407 ad

279 1432 486 1482 vecturas,
515 1429 620 1473 item
648 1429 959 1476 instituendum
988 1437 1038 1477 ut
1065 1433 1250 1476 inania
1277 1434 1464 1489 primum
1493 1431 1687 1475 ducant
1726 1431 1947 1486 plaustra.'
1990 1455 2037 1461 —--
2078 1429 2170 1474 Geo
2198 1430 2265 1474 111
2294 1432 2400 1476 440:
2446 1431 2705 1477 ‘morborum

280 1510 448 1553 quoque
490 1501 535 1541 te
579 1512 772 1543 causas
815 1504 861 1544 et
894 1502 1049 1558 signa
1085 1501 1259 1546 docebo’
1297 1520 1343 1538 =
1380 1500 1519 1544 Varro
1555 1498 1596 1542 11
1640 1503 1677 1553 1,
1717 1501 1792 1543 21:
1842 1500 1967 1542 ‘enim
2007 1498 2316 1543 advertendum
2351 1514 2466 1556 quae
2501 1500 2705 1558 cuiusque

279 1565 418 1610 morbi
444 1566 506 1610 sit
534 1580 714 1621 causa,
746 1582 942 1625 quaeque
972 1570 1127 1625 signa
1155 1585 1305 1615 earum
1333 1582 1561 1614 causarum
1591 1568 1703 1612 sint.‘
1741 1593 1787 1599 —-
1823 1567 1915 1612 Geo
1935 1566 1978 1611 11
2008 1568 2116 1612 378:
2158 1570 2250 1612 ’nec
2278 1572 2446 1613 tantum
2477 1602 2703 1614 ......

280 1639 485 1690 quantum
514 1633 580 1680 illi
606 1650 791 1681 nocuere
820 1652 973 1694 greges
1003 1639 1187 1695 durique
1220 1652 1474 1684 venenum
1504 1637 1654 1681 Dentis
1686 1671 1695 1681 .
1727 1671 1738 1681 .
1771 1640 1795 1681 .’
1829 1656 1874 1673 =
1905 1635 2046 1680 Varro
2084 1636 2105 1680 1
2135 1638 2176 1689 2,
2210 1638 2284 1682 18:
2324 1637 2551 1693 ‘quaedam
2584 1640 2702 1682 euim

279 1702 463 1760 pecudes
500 1703 695 1750 culturae
722 1711 826 1751 sunt
861 1708 1060 1754 inimicae
1088 1722 1141 1753 ac
1169 1722 1388 1761 veneno,
1433 1710 1482 1751 ut
1511 1706 1621 1751 istae
1652 1738 1833 1751 .....
1865 1708 2054 1761 oapi-ae.³
2112 1704 2311 1751 For-mito
2340 1705 2546 1752 accidisse
2565 1711 2704 1764 putas,

280 1775 329 1816 ut
356 1771 496 1817 Varro
524 1776 571 1818 et
590 1772 805 1831 Vergilius
833 1777 879 1821 in
908 1776 1061 1823 iisdem
1090 1777 1218 1823 rebus
1249 1778 1313 1832 (in
1342 1775 1502 1821 morbis
1531 1788 1732 1831 pecorum
1752 1774 2046 1820 describendis
2066 1778 2112 1819 et
2139 1775 2184 1820 in
2213 1774 2393 1828 damnis,
2422 1790 2536 1832 quae
2555 1775 2706 1822 dentes

279 1840 539 1899 capellanum
576 1843 793 1899 segetibus
830 1845 954 1902 dant)
994 1847 1144 1892 eadem
1181 1847 1388 1891 divisione
1431 1844 1666 1900 eademque
1701 1842 1983 1888 similitudine
2023 1844 2278 1889 uterentur?
2315 1870 2367 1876 -—
2408 1845 2504 1890 Huc
2539 1850 2707 1903 spectat

280 1910 395 1967 quod
424 1916 618 1969 uterque,
649 1927 746 1958 cum
776 1914 830 1959 de
859 1915 996 1959 ariete
1024 1916 1174 1973 nigrae
1201 1916 1375 1973 linguae
1404 1913 1659 1959 removendo
1690 1912 1807 1966 dicit,
1837 1911 1953 1956 idem
1977 1911 2232 1958 vocabulum
2274 1913 2467 1967 adhibet,
2514 1913 2606 1959 Geo
2634 1914 2701 1960 111

280 1980 384 2024 389:
422 1981 557 2025 ‘illum
586 1986 730 2026 autem
761 2016 945 2028 .....
976 1984 1100 2042 nigra
1128 1985 1275 2030 subest
1305 2020 1315 2029 .
1349 2018 1358 2028 .
1390 2017 1400 2027 .
1434 2017 1442 2026 .
1474 1984 1545 2027 cui
1564 1983 1711 2039 lingua
1741 2014 1750 2024 .
1784 2014 1793 2024 .
1828 2015 1837 2025 .
1871 2014 1881 2024 .
1912 1981 2067 2025 reice’
2086 1999 2134 2018 =
2153 1981 2293 2028 Varro
2321 1982 2364 2028 11
2390 1984 2435 2035 2,
2466 1984 2512 2028 8:
2544 1983 2706 2041 ‘itaque

367 2083 377 2092 .
409 2051 593 2094 maiores
621 2052 759 2095 nostri
790 2086 800 2096 .
833 2085 843 2094 .
876 2086 887 2095 .
920 2086 931 2106 ,
961 2053 1290 2098 reiciebant.‘
1352 2054 1545 2109 Denique
1571 2051 1689 2109 quod
1709 2050 1955 2107 ambiguum
1974 2050 2144 2094 videtur
2163 2050 2256 2096 Geo
2285 2051 2329 2095 11
2358 2053 2467 2096 261:
2500 2052 2705 2110 ‘aquiloni

279 2117 561 2162 ostendere
598 2120 786 2176 glaebas'
815 2139 862 2157 =
892 2121 1033 2165 Varro
1061 2122 1082 2164 I
1111 2125 1189 2167 25:
1221 2123 1311 2178 ‘qui
1339 2123 1457 2166 locus
1487 2122 1672 2177 optimus
1700 2120 1799 2162 vino
1828 2119 1886 2162 sit
1912 2124 1959 2162 et
1985 2121 2267 2173 ostentus·)
2296 2119 2405 2172 soli',
2431 2120 2507 2165 ubi
2526 2121 2704 2166 eandem

277 2184 558 2232 elocutionem
599 2193 751 2232 notatu
789 2189 962 2247 dignam
1005 2191 1196 2248 legimus.
1240 2215 1287 2222 —
1328 2191 1660 2234 Consensionum
1697 2188 1754 2232 ad
1790 2187 1966 2231 verbum
2002 2187 2215 2232 factarum
2251 2201 2472 2232 numerum
2510 2203 2578 2233 me
2613 2203 2702 2235 non

280 2255 518 2310 explevisse
546 2256 664 2301 haud
693 2258 856 2314 ignoro,
886 2260 990 2315 quia
1019 2261 1122 2316 quin
1153 2259 1229 2302 alii
1255 2259 1368 2302 alias
1397 2259 1642 2314 indagaturi
1673 2259 1770 2310 sint,
1801 2257 1906 2299 mibi
1934 2270 2207 2312 nequaquam
2236 2255 2413 2299 dubium
2440 2261 2519 2300 est.

482 2325 572 2381 Age
616 2341 729 2370 nunc
773 2342 846 2370 eos
889 2328 1008 2372 locos
1037 2328 1245 2372 Varronis
1288 2332 1333 2370 et
1359 2327 1540 2383 Vergilii
1583 2326 1899 2370 consideremus
1942 2325 2098 2381 qm‘bus
2138 2330 2322 2380 uterque
2358 2326 2555 2381 agricolis
2587 2326 2705 2371 idem

278 2393 508 2449 praecium
548 2397 680 2450 atque
713 2409 862 2440 eorum
900 2411 982 2441 non
1021 2398 1147 2454 pauci
1182 2397 1328 2441 insunt
1364 2396 1410 2440 in
1449 2395 1629 2452 Vergilii
1665 2393 1778 2438 libro
1815 2394 1966 2446 tertio,
2002 2408 2090 2450 que
2128 2393 2182 2438 de
2219 2408 2267 2438 re
2300 2393 2506 2449 pecuaria
2541 2395 2703 2451 agita-3

278 2460 470 2505 ordinem
499 2476 697 2507 versuum
732 2465 1017 2510 retinentibus
1046 2466 1296 2523 plerumque
1332 2463 1439 2510 nihil
1475 2462 1593 2508 aliud
1629 2463 1711 2507 nisi
1738 2462 1821 2507 hoc
1848 2466 2041 2506 nostrum
2078 2462 2164 2507 erit
2197 2475 2330 2518 quam
2366 2465 2522 2519 poetae
2554 2477 2704 2509 verns

278 2530 401 2574 iuxta
427 2545 584 2587 prosae
612 2533 820 2577 orationis
849 2535 1102 2592 scriptorem
1131 2549 1289 2592 ponere
1318 2539 1362 2578 et
1390 2532 1737 2590 inscriptionibus
1765 2531 1970 2584 indicare,
1998 2530 2156 2588 quibus
2183 2530 2241 2575 de
2268 2530 2400 2576 rebus
2425 2536 2611 2589 uterque
2634 2531 2705 2576 di-

277 2604 433 2655 sputet.
480 2600 761 2646 Utilissimum
793 2604 876 2648 erit
904 2608 1048 2649 autem
1076 2604 1229 2650 leviter
1258 2608 1455 2660 tangere,
1486 2617 1572 2660 quo
1599 2602 1826 2646 materiam
1854 2606 2037 2657 uterque
2062 2599 2305 2658 digesserit,
2321 2600 2578 2658 pnesenim
2603 2615 2705 2646 oum

276 2668 364 2712 iam
395 2683 423 2713 a
453 2668 648 2715 Varrone
675 2671 770 2727 ipso
804 2672 905 2718 libri
939 2674 983 2718 11
1013 2673 1237 2730 dispositio
1266 2673 1309 2716 11
1342 2675 1379 2727 1,
1387 2674 1437 2716 12
1468 2672 1700 2728 explanata
1727 2672 1796 2715 sit.
1860 2670 2094 2727 Postquam
2123 2669 2236 2713 enim
2265 2670 2388 2713 initio
2417 2668 2472 2714 de
2495 2671 2705 2727 pastorali

279 2739 454 2794 origine,
488 2738 712 2795 dignitate,
743 2742 923 2786 scientia
942 2742 1105 2787 dictum
1125 2746 1204 2794 est,
1226 2742 1432 2786 Reatinus
1449 2741 1476 2797 ᾖ
1500 2742 1551 2785 12
1582 2754 1675 2796 sqq.
1704 2738 1900 2796 pluribus
1927 2738 2123 2783 nisibus
2149 2738 2475 2795 dispositionem
2504 2738 2704 2796 explicat,

278 2820 407 2862 quam
427 2821 482 2851 ne
500 2811 639 2852 totum
658 2809 799 2854 locum
818 2810 1070 2864 adiciamus,
1090 2812 1278 2857 numeris
1299 2810 1648 2867 significabimus:
1676 2808 1819 2866 prima
1837 2822 1939 2864 pars
1959 2807 1988 2865 ξ
2010 2810 2124 2852 2-4
2144 2807 2199 2852 de
2215 2806 2452 2852 minoribus
2472 2807 2705 2864 pecudibus

279 2873 352 2929 (de
371 2875 521 2920 ovibus
550 2877 635 2934 ἕ2,
666 2877 721 2923 de
749 2880 892 2935 capris
921 2878 951 2937 ξ
980 2881 1022 2933 3,
1053 2880 1107 2925 de
1136 2880 1283 2925 suibus
1313 2879 1342 2937 ξ
1363 2880 1425 2935 4),
1456 2879 1597 2924 altera
1625 2879 1782 2935 §5-7
1813 2876 1868 2922 de
1896 2891 2049 2933 pecore
2077 2877 2241 2922 maiore
2271 2876 2344 2933 (de
2371 2875 2508 2922 bobus
2535 2877 2620 2934 55,
2652 2877 2705 2923 de

277 2939 410 2988 83ίῦἷῦ
438 2942 468 3002 ὃ
490 2946 530 2998 6,
561 2946 616 2989 de
646 2949 768 3003 equis
797 2947 826 3005 ξ
848 2949 906 3004 7),
936 2950 1069 2994 tertia
1099 2949 1153 2994 de
1179 2949 1258 3000 eis,
1287 2962 1402 3004 quae
1420 2962 1506 2992 non
1526 2951 1747 3004 parantur,
1777 2950 1827 2990 ut
1854 2960 1909 2991 ex
1928 2946 1991 2990 eis
2009 2947 2210 3002 capiatur
2226 2945 2405 2999 finctus,
2433 2944 2511 2989 sed
2528 2949 2706 3002 propter

277 3025 372 3056 eam
401 3017 481 3058 aut
507 3027 563 3058 ex
593 3028 646 3060 ea
674 3020 774 3060 sunt
802 3016 876 3072 (de
904 3017 1032 3062 mulis
1060 3018 1085 3074 ξ
1114 3019 1155 3071 8,
1186 3018 1241 3062 de
1271 3016 1448 3062 canibus
1484 3015 1512 3074 ξ
1543 3018 1584 3071 9,
1614 3015 1669 3061 de
1698 3014 1942 3072 pastoribus
1967 3012 2000 3072 ξ
2032 3014 2117 3070 10).
2177 3014 2357 3059 ‘Harum
2391 3028 2481 3059 nna
2503 3027 2704 3071 quaeque

276 3093 379 3137 pars
414 3081 459 3126 in
495 3097 542 3127 se
570 3084 783 3141 generalis
812 3087 951 3142 partis
986 3087 1118 3132 habet
1145 3088 1366 3131 minimum
1400 3100 1586 3131 novenas
1596 3090 1640 3141 ¹).
1715 3084 1784 3128 Ita
1825 3084 2038 3127 exsistunt
2081 3087 2228 3140 partes
2270 3084 2491 3140 octoginta
2525 3087 2570 3128 et
2605 3098 2705 3137 una,

489 3199 514 3241 ¹)
536 3197 582 3235 of.
604 3197 756 3236 Hei-indi
775 3211 809 3236 v.
831 3200 903 3237 612
925 3205 1157 3248 paeceptum
1179 3200 1411 3238 notissimum.

477 3254 512 3298 ²)
537 3258 703 3302 ‘qurum
737 3255 775 3292 in
802 3266 933 3303 pecore
961 3257 1124 3305 parando
1152 3259 1379 3295 menariae
1408 3260 1578 3304 quattuor
1605 3256 1666 3302 (de
1684 3254 1892 3301 cognitione
1921 3255 2065 3299 aetatis,
2093 3253 2240 3299 formae,
2269 3253 2406 3290 minii
2429 3253 2705 3301 unio-uniusque

278 3308 439 3355 Wlfflin,
460 3311 804 3358 iminium-ando),
822 3313 1374 3362 sumundum-puseus«,
1399 3314 1648 3361 (depastione,
1671 3312 1859 3357 deletus,
1881 3311 1928 3348 de
1943 3312 2137 3356 nun-isan,
2160 3310 2206 3347 de
2220 3313 2391 3357 mee)
2413 3311 2706 3358 quib-seddim

278 3368 1263 3417 nompmgmuisemmqmpuunoonmin:
1291 3367 1902 3409 domn.0tvmr.r.11
1929 3369 1960 3414 1,
1986 3367 2118 3414 121³,
2147 3367 2200 3414 u,
2226 3366 2438 3414 mmm.
