2996 3790
1476 242 1533 296 '13

303 409 399 462 =1
436 414 566 470 2‚‘18.
633 410 819 458 Maxime
848 418 992 458 autem
1021 411 1126 457 mihi
1170 413 1312 469 placet
1355 414 1575 457 consensio
1612 412 1704 456 Geo
1733 412 1754 455 Ι
1792 415 1848 456 50
1883 432 1928 449 =
1965 411 1985 456 1
2016 414 2056 464 4,
2092 415 2136 464 13
2172 412 2191 454 I
2221 414 2276 456 42
2313 432 2357 449 =
2395 412 2415 456 1
2446 417 2516 465 27,
2556 416 2596 467 2,
2635 406 2708 457 uhi

305 484 483 538 Vergilii
512 480 679 537 ‘glaeba
706 483 846 538 putris
874 482 1075 526 resoluta'
1105 481 1334 538 respondet
1362 481 1566 526 Varronis
1595 480 1784 538 ‘glaebae
1812 481 2184 537 percalefactae.'¹)

502 549 590 596 Sed
617 543 805 595 omnium
832 551 934 596 libri
962 553 1090 609 primi
1109 564 1306 595 versuum
1335 551 1388 604 ei,
1417 550 1572 606 quibus
1601 551 1812 607 quomodo
1840 565 1943 596 area
1971 550 2169 595 facienda
2198 551 2255 594 sit
2283 555 2409 606 poeta
2438 552 2459 595 I
2483 553 2602 594 1713„
2627 553 2708 595 186

279 655 281 658 <
304 621 519 678 explanat,
548 620 733 665 maxime
761 619 958 676 flagitare
988 622 1073 663 iam
1103 621 1187 676 ipsi
1215 619 1425 671 videntur,
1454 624 1504 664 nt
1532 619 1740 665 Varronis
1775 620 1905 664 verba
1941 620 1961 663 Ι
1992 623 2042 664 51
2087 621 2130 663 in
2160 633 2282 663 usum
2312 633 2443 664 voces
2503 620 2643 676 Atque
2672 621 2709 663 si

301 691 525 745 utriusque
552 689 670 744 leges
698 689 948 744 perpendes,
985 693 1250 745 quantopere
1285 690 1551 732 consentiant
1586 688 1827 742 intelleges:
1865 692 2045 744 uterque
2081 689 2126 730 in
2155 700 2259 732 area
2288 688 2517 732 statuenda
2545 688 2709 742 metant,

301 772 355 803 ne
383 758 631 814 paeminosa
660 757 717 801 sit
733 757 941 813 (pulvere
970 757 1082 801 victa
1111 755 1318 812 fatiscat),
1354 769 1407 801 ne
1442 755 1601 801 herbae
1638 771 1691 802 ex
1723 756 1841 800 rimis
1870 757 2178 814 progignantur
2206 758 2279 811 (ne
2309 755 2489 801 subeant
2517 756 2708 812 herbae),

300 841 353 871 ue
382 839 525 870 mures
553 824 757 871 formicae
785 827 930 884 talpae
961 826 1095 869 solum
1124 825 1376 870 suffodiant:
1412 826 1558 881 itaque
1588 830 1632 869 et
1661 825 1717 870 ab
1746 826 1828 870 hoc
1855 830 1900 869 et
1929 825 1984 869 ab
2013 826 2087 869 illo
2116 828 2368 882 imperatur,
2399 830 2448 869 ut
2476 839 2581 870 area
2609 825 2707 869 soli-

304 895 447 939 danda
479 895 736 950 (aequanda
770 895 979 951 cylindro)
1024 900 1068 938 et
1112 894 1323 949 pavienda
1352 895 1409 937 sit
1451 894 1605 947 argilla
1648 896 1785 947 (creta
1821 895 1993 947 tenaci).
2048 894 2212 944 Quibus
2248 894 2293 935 in
2328 894 2520 936 versibus
2557 898 2709 949 poetae

303 966 532 1020 praecepta
565 967 665 1007 sunt
701 962 926 1008 subtiliora
962 976 1088 1019 quam
1120 962 1338 1017 Varmni8‚
1376 964 1450 1018 qui
1479 976 1615 1018 neque
1646 957 1826 1018 cjlindri
1855 977 1991 1017 neque
2020 961 2221 1005 bufonum
2251 976 2389 1017 neque
2419 962 2709 1005 curculionum

301 1032 407 1075 facit
434 1031 703 1084 mentionem,
732 1033 776 1075 in
808 1045 859 1075 ea
887 1045 935 1075 re
965 1030 1264 1085 abundantior,
1304 1031 1419 1087 quod
1455 1045 1598 1075 aream
1638 1045 1813 1076 amurca
1848 1030 2045 1086 perfundi
2075 1031 2175 1074 vult.
2237 1031 2331 1074 Etsi
2360 1032 2446 1074 iam
2475 1045 2504 1074 a
2532 1030 2708 1084 Catone,

301 1105 452 1155 postea
471 1114 499 1143 a
519 1099 752 1143 Columella
788 1100 968 1155 aliisque
998 1099 1154 1143 similia
1184 1100 1249 1142 vel
1279 1113 1418 1155 aequa
1455 1099 1508 1143 de
1537 1113 1640 1143 area
1669 1098 1911 1151 traduntur,
1942 1103 2083 1141 tamen
2106 1099 2310 1142 Varronis
2342 1105 2384 1141 et
2406 1099 2582 1153 Vergilii
2603 1099 2707 1141 ordo

303 1172 347 1210 et
376 1172 498 1210 tenor
526 1168 667 1222 legum
697 1168 797 1210 talis
827 1173 903 1218 est,
941 1172 990 1209 ut
1025 1172 1177 1222 poetae
1207 1167 1362 1211 librum
1392 1167 1547 1223 prioris
1577 1171 1749 1223 praesto
1777 1166 1907 1210 fuisse
1936 1180 2014 1222 pro
2041 1170 2156 1210 certo
2184 1171 2373 1211 statuere
2399 1167 2620 1224 possimus.
2651 1192 2707 1198 —

502 1235 652 1279 Restat
689 1234 883 1291 denique,
922 1241 970 1278 ut
996 1236 1109 1279 locos
1147 1235 1352 1290 quosdam
1392 1235 1527 1279 Servii
1564 1236 1629 1279 vel
1668 1241 1906 1280 ceterorum
1945 1239 2321 1279 commentatorum
2359 1235 2604 1284 adiciamus.
2632 1238 2707 1291 qui

304 1305 534 1359 Vergilium
571 1318 652 1346 non
690 1309 778 1345 tam
815 1306 857 1346 in
895 1306 997 1359 ipsis
1028 1305 1153 1348 rebus
1183 1305 1353 1347 rusticis
1382 1319 1509 1360 quam
1548 1305 1590 1346 in
1629 1305 1702 1357 eis,
1741 1318 1850 1361 quae
1880 1318 1977 1347 cum
2015 1304 2080 1347 his
2118 1304 2330 1348 artissime
2360 1304 2628 1357 cohaereant,
2660 1310 2707 1348 ut

300 1373 566 1427 astrologicis
581 1371 876 1428 mythologicis
895 1373 1004 1426 aliis,
1023 1373 1257 1416 Varronem
1277 1378 1469 1417 secutum·
1486 1388 1578 1416 esse
1598 1378 1820 1417 testantur.
1862 1373 2061 1426 Quamvis
2080 1373 2148 1416 hic
2168 1373 2416 1430 scrupuloso
2436 1372 2708 1417 difficillimo-

302 1456 385 1498 que
414 1443 459 1485 in
490 1441 579 1485 solo
609 1456 675 1484 me
706 1442 867 1486 versari
897 1442 989 1498 ipse
1018 1441 1188 1486 minime
1217 1444 1420 1496 ignorem,
1449 1448 1591 1487 tamen
1622 1443 1729 1486 talia
1757 1456 1784 1485 a
1814 1456 1881 1485 me
1910 1456 1993 1486 non
2023 1442 2403 1498 praetermittenda
2432 1446 2547 1486 sunt.¹
2589 1441 2708 1487 Licet

303 1512 473 1556 Servius
510 1513 600 1567 ipse
639 1511 843 1554 Varronis
880 1510 1011 1554 libros
1049 1524 1132 1554 non
1168 1512 1413 1566 inspexerit,
1451 1517 1499 1555 ut
1534 1512 1769 1555 luculenter
1810 1512 2102 1554 demonstrant
2137 1512 2267 1555 verba
2303 1512 2358 1554 ad
2403 1510 2493 1553 Geo
2530 1510 2589 1555 IV
2629 1512 2705 1554 63:

302 1580 452 1624 ‘Varro
473 1581 583 1624 hanc
601 1579 780 1624 herbam
800 1580 1034 1636 apiastrum
1055 1578 1160 1624 dicit
1179 1582 1223 1624 in
1252 1581 1416 1635 primo
1447 1581 1557 1625 libro
1577 1582 1719 1637 operis
1739 1581 1915 1633 rustiei'‚
1948 1606 2003 1611 —
2033 1595 2115 1623 non
2146 1583 2189 1622 in
2220 1580 2330 1623 libro
2361 1582 2546 1634 primo,
2578 1581 2707 1635 immo

300 1663 399 1692 vero
434 1654 513 1692 ter
522 1650 592 1692 tio
625 1649 829 1693 Varronis
859 1648 1096 1703 apiastrum
1124 1649 1444 1693 commemorari
1480 1649 1692 1705 interpres
1722 1649 1802 1693 iste
1832 1651 1940 1692 scire
1978 1648 2161 1692 debebat
2191 1673 2233 1678 —
2264 1649 2378 1691 velut
2414 1648 2709 1703 Xenophontis

299 1718 454 1761 librum
499 1717 812 1761 oeconomicum
858 1717 1030 1761 ‘fontem
1075 1716 1323 1772 Georgicon'
1370 1717 1426 1761 ad
1471 1718 1491 1761 Ι
1529 1718 1583 1761 43
1615 1717 1793 1762 eundem
1823 1731 1905 1760 non
1936 1717 2138 1760 evolvisse
2172 1721 2215 1760 in
2246 1718 2543 1760 dissertatione
2573 1724 2706 1770 mea²)

300 1786 593 1842 coarguebam‚
638 1786 681 1827 in
711 1786 1024 1829 commentariis
1055 1784 1183 1828 Probi
1215 1784 1349 1829 Servii
1381 1785 1621 1842 Philargyri
1652 1786 1831 1830 aliorum
1862 1786 2005 1829 insunt
2042 1787 2206 1842 priseae
2236 1786 2453 1830 doctrinae
2497 1786 2708 1841 reliquiae

303 1856 417 1898 haud
447 1855 724 1910 spernendae,
755 1868 861 1908 quas
899 1855 1046 1909 utique
1084 1855 1358 1909 respiciamus
1397 1859 1578 1910 oportet,
1611 1869 1869 1909 quamquam
1898 1869 1981 1898 non
2012 1854 2243 1906 defuturOS,
2275 1855 2348 1910 qui
2377 1854 2541 1910 fidem³)
2578 1854 2707 1899 adno-

300 1923 533 1968 tationibus
564 1921 777 1983 Servianis
806 1922 1027 1979 denegent,
1059 1922 1162 1966 mihi
1192 1937 1440 1978 persuasum
1470 1929 1547 1967 est.

502 1991 596 2035 Non
626 2004 747 2035 secus
776 1995 906 2048 atque
936 1992 979 2036 in
1010 1990 1196 2037 Aeneide
1207 1992 1241 2048 ⁴)
1272 2005 1433 2048 paucae
1464 2006 1530 2036 res
1561 1992 1615 2036 ad
1647 1993 1923 2048 antiquitates
1954 1993 2018 2036 vel
2048 2007 2225 2048 graecas
2256 1993 2321 2035 vel
2359 2006 2558 2035 romanas
2588 2007 2707 2047 spec·

302 2065 442 2104 tantes
481 2060 692 2117 Vergilius
728 2062 772 2103 in
810 2059 1027 2117 Georgicis
1065 2060 1247 2105 Varroni
1285 2060 1439 2105 debere
1476 2053 1654 2105 videtur.
1732 2060 1822 2106 Geo
1860 2061 1923 2105 III
1965 2062 2044 2105 113
2084 2067 2209 2116 poeta
2257 2061 2577 2104 Erichthonium
2622 2065 2708 2116 pri·

300 2145 413 2172 mum
452 2134 588 2171 artem
627 2130 846 2185 quadrigis
883 2130 1061 2173 vehendi
1106 2130 1314 2173 invenisse
1351 2129 1474 2173 dicit:
1521 2129 1695 2186 ‘primus
1732 2129 2032 2174 Erichthonius
2069 2145 2216 2174 currus
2259 2135 2304 2175 et
2341 2134 2543 2186 quattuor
2579 2145 2708 2174 ausus

298 2199 484 2254 ,Iungere
522 2212 652 2253 equos
692 2233 700 2240 .
736 2232 743 2239 .
777 2229 784 2238 .
818 2233 827 2242 .
861 2203 870 2220 ³
932 2199 1093 2244 Eadem
1129 2199 1377 2255 legebantur
1407 2200 1450 2241 in
1483 2199 1685 2242 Varronis
1721 2199 1830 2243 libro
1869 2201 1942 2255 qui
1969 2190 2223 2243 'inscribitur
2256 2199 2617 2254 ⁵Admirabilia’,⁵)
2655 2201 2706 2243 cf.

302 2269 438 2314 Servii
470 2268 612 2313 adnot.
644 2269 700 2312 ad
731 2270 771 2313 h.
804 2270 837 2311 l:
888 2270 1038 2314 ‘Varro
1070 2271 1112 2313 in
1143 2269 1266 2320 libro,
1312 2269 1385 2325 qui
1417 2268 1742 2313 Admirabilium
1779 2270 2045 2320 inscribitur,
2078 2270 2396 2313 Erichthonium
2434 2272 2495 2312 ait
2525 2270 2707 2325 primum

301 2344 503 2395 quattuor
539 2339 727 2382 iunxisse
763 2353 894 2394 equos
932 2340 1043 2382 ludis
1083 2374 1090 2381 .
1127 2372 1135 2380 .
1170 2342 1204 2381 .'.
1268 2339 1400 2381 Porro
1437 2338 1614 2394 legimus
1653 2339 1708 2381 ad
1748 2340 1838 2383 Geo
1870 2339 1935 2382 111
1980 2342 2051 2383 18:
2094 2339 2174 2382 <Illi
2214 2341 2347 2382 victor
2385 2353 2462 2394 ego
2501 2344 2544 2381 et
2582 2339 2707 2394 Tyrio

300 2413 550 2464 conspectus
586 2409 629 2450 in
667 2412 782 2451 ostro
823 2407 1002 2450 Centum
1041 2408 1316 2463 quadriiugos
1355 2407 1527 2464 agitabo
1564 2407 1619 2450 ad
1656 2407 1832 2451 flumina
1869 2412 2042 2452 currus.
2106 2408 2296 2452 Servius:
2338 2409 2451 2463 ‘quia
2487 2412 2534 2450 ut
2573 2407 2707 2450 Varro

298 2479 401 2522 dicit
444 2479 488 2520 in
533 2477 654 2520 libris
699 2476 751 2519 de
797 2482 922 2531 gente
967 2477 1112 2531 populi
1160 2478 1337 2528 romani,
1384 2477 1483 2519 olim
1522 2476 1639 2518 XXV
1671 2477 1822 2520 missus
1859 2477 2019 2521 fiebant
2050 2512 2057 2520 .
2093 2512 2100 2519 .
2136 2513 2143 2520 .
2177 2491 2276 2532 ergo
2323 2479 2500 2520 ‘centum
2546 2480 2704 2520 currus*

506 2637 530 2680 ¹)
556 2635 668 2672 Valde
693 2636 897 2682 discrepant
922 2636 1034 2673 Varro
1059 2641 1094 2671 et
1121 2636 1294 2681 Vergilius
1319 2635 1362 2671 de
1388 2636 1523 2680 origine
1548 2634 1761 2680 plantarum,
1789 2635 1832 2671 de
1859 2637 2016 2672 serendis
2041 2642 2076 2671 et
2100 2637 2256 2672 colendis
2281 2637 2477 2681 arboribus,
2503 2637 2580 2672 aliis
2605 2637 2708 2671 rebus

300 2692 342 2726 de
367 2692 492 2736 quibus
517 2699 622 2736 poeta
646 2693 736 2729 libro
761 2696 874 2739 primo
899 2693 1049 2728 disserit.
1087 2692 1212 2728 Cetera
1236 2704 1327 2738 quae
1351 2692 1543 2728 secundum
1566 2696 1860 2727 commentatores
1889 2693 1934 2728 ad
1960 2693 2104 2738 Vergilii
2131 2704 2261 2737 versus,
2288 2696 2307 2729 i.
2333 2703 2361 2728 e.
2389 2694 2469 2729 inde
2492 2704 2513 2728 a
2537 2703 2639 2727 versu
2663 2693 2708 2727 70

300 2759 410 2793 usque
435 2749 480 2783 ad
505 2750 742 2794 prognostica,
767 2761 811 2785 ex
838 2750 994 2785 Varrone
1019 2755 1158 2795 sumpta
1182 2751 1356 2793 dicuntur,
1381 2749 1550 2784 eiusmodi
1577 2754 1668 2792 sunt,
1694 2754 1731 2783 ιιι
1748 2750 2013 2793 comparatione
2039 2752 2097 2784 vix
2117 2750 2223 2794 digna
2247 2750 2417 2786 nominari
2444 2749 2589 2794 possint,
2615 2749 2711 2789 velut

299 2805 382 2840 Geo.
408 2806 423 2840 1
455 2806 636 2842 204—310
660 2820 704 2837 =
728 2806 743 2840 1
770 2806 922 2850 ’28-37ς
947 2807 1083 2841 scilicet
1107 2807 1162 2841 hic
1189 2811 1223 2841 et
1246 2806 1317 2841 illic
1344 2811 1451 2851 poeta
1487 2816 1509 2840 a
1538 2805 1686 2840 Reatino
1724 2816 1793 2839 non
1829 2806 1976 2840 multum
2014 2807 2123 2849 abest.
2162 2807 2255 2841 velut
2292 2806 2363 2841 Geo
2396 2806 2411 2840 l
2448 2808 2509 2841 114
2534 2819 2577 2835 =
2608 2806 2622 2839 l
2654 2806 2708 2844 36,

299 2860 314 2894 1
340 2862 382 2895 97
408 2876 453 2892 =
477 2862 494 2896 1
519 2863 572 2906 29,
591 2864 621 2897 2.

498 2919 532 2962 2)
556 2918 599 2954 ef,
625 2918 648 2955 1.
672 2919 694 2955 1.
719 2929 778 2964 pg.
802 2920 856 2955 84.

498 2974 527 3017 ³)
552 2976 595 3010 ef.
620 2975 870 3011 Lammerhirt.
917 2976 972 3011 De
995 2977 1193 3022 priscorum
1218 2978 1430 3021 scriptorum
1456 2975 1543 3010 locis
1567 2985 1589 3009 a
1614 2974 1735 3008 Servio
1761 2974 1887 3010 allatis
1925 2975 2075 3011 Dissert.
2106 2976 2189 3020 phil.
2215 2977 2385 3011 Jenenses
2414 2977 2509 3010 1390.
2547 2975 2590 3009 cf.
2616 2974 2710 3009 Berl.

300 3028 425 3064 Philol.
451 3031 705 3067 Wochenschr.
733 3032 830 3068 1891.
855 3042 913 3078 pg.
938 3034 1085 3070 46—49.

496 3090 526 3130 ⁴)
547 3088 646 3131 Quae
678 3091 713 3124 in
735 3089 893 3124 Aeneide
924 3091 969 3125 ad
997 3090 1188 3127 Varronem
1219 3091 1290 3128 sint
1313 3088 1508 3134 referenda,
1539 3100 1561 3125 a
1591 3088 1675 3124 viris
1699 3089 1812 3125 doctis
1845 3089 2071 3127 multifariam
2097 3089 2314 3135 disputatum
2338 3094 2406 3132 est,
2438 3089 2480 3123 ef.
2507 3090 2597 3123 inter
2620 3088 2711 3123 alios

299 3140 425 3177 librum
450 3145 511 3187 qui
535 3147 736 3190 nuperrime
759 3146 795 3182 in
819 3147 933 3183 lucem
957 3148 1103 3192 prodiit:
1128 3148 1185 3183 W.
1211 3148 1456 3191 Forstemann,
1479 3146 1551 3181 Zur
1575 3145 1789 3181 Geschichte
1813 3146 1876 3182 des
1899 3146 2192 3193 Aeneasmythus.
2221 3147 2318 3182 1894.

501 3199 527 3244 5)
552 3199 664 3238 Varro
689 3202 766 3248 ipse
790 3214 835 3239 ex
858 3204 1104 3240 Eratosthenis
1130 3204 1390 3240 Catasterismis
1414 3204 1480 3239 hoc
1506 3203 1653 3248 petiisse
1677 3203 1825 3238 videtur.
1851 3205 1895 3239 cf.
1917 3204 2053 3239 Robert
2078 3205 2098 3239 1.
2118 3205 2139 3240 l.
2165 3215 2221 3249 pg.
2238 3204 2365 3247 essee:
2393 3206 2548 3249 Ηνὼχυς.
2585 3205 2712 3238 rufium

293 3257 461 3303 λέγουσιν,
497 3258 546 3291 ὄΝ
570 3257 588 3290 ὁ
627 3259 717 3299 Ζεὺς
752 3261 841 3297 ι’δών
876 3262 1013 3308 πρῶτον
1036 3264 1074 3297 ἐν
1102 3263 1306 3310 ἀνθρώποις
1329 3262 1427 3309 ἅρμα
1451 3262 1612 3303 ζεύξαντα
1636 3262 1754 3295 ἵππων
1786 3281 1829 3286 -
1861 3263 1898 3299 ός
1922 3265 2013 3296 ἐστιν
2046 3264 2257 3308 Ἐριχθόνιος
2279 3264 2316 3301 ἐξ
2345 3261 2534 3304 ‘qu‘aenov
2565 3261 2624 3292 καὶ
2649 3261 2713 3306 γῆς

292 3314 478 3359 γενόμενος
515 3318 581 3347 etc.
615 3315 659 3350 cf.
690 3316 852 3362 Hyginus
877 3318 912 3353 11
940 3318 998 3363 133
1030 3317 1145 3354 <Hunc
1175 3344 1320 3353 .....
1351 3317 1492 3354 nomine
1523 3315 1812 3362 Erichthonium,
1847 3322 1887 3353 ut
1918 3317 2171 3354 Eratosthenes
2204 3320 2392 3353 monstrat.
2430 3326 2535 3359 quem
2570 3314 2715 3359 Jupiter

293 3377 374 3403 cum
398 3367 540 3404 vidisset
564 3374 717 3415 primum
742 3375 834 3408 inter
859 3375 1019 3409 homines
1044 3385 1154 3419 equos
1180 3375 1361 3418 quadrigis
1384 3374 1550 3409 iunxisse.
1576 3378 1641 3408 etc.
1679 3373 1723 3407 ef.
1751 3383 1867 3419 supra.
1894 3384 1950 3418 pg.
1975 3375 2029 3409 69.

2402 3451 2444 3486 10
