2996 3790
1459 224 1530 277 75‘

487 394 627 438 Minus
664 393 877 438 dilucidae
916 398 959 438 et
994 399 1123 450 aptae
1164 399 1263 439 sunt
1299 395 1489 452 reliquae
1528 393 1757 440 Servianae
1793 393 2103 438 adnotationes.
2164 393 2376 448 Vergilius
2418 392 2509 438 Geo
2539 393 2581 438 11
2611 395 2695 439 336

288 469 515 523 postquam
538 465 849 509 ‘amoenitatem
893 465 1004 509 veris
1033 464 1278 517 celebravit,
1315 465 1369 510 iis
1398 464 1664 515 adversatur,
1701 464 1775 519 qui
1805 462 1896 508 dies
1925 461 2092 506 natales
2120 461 2265 506 mundi
2293 463 2509 519 procreati
2537 478 2622 508 non
2649 464 2694 508 in

285 548 459 580 vernum
488 538 655 590 tempus
689 531 889 578 incidisse
918 532 1075 582 dicant.
1137 534 1202 579 De
1240 534 1386 578 mundi
1421 533 1585 590 origine
1622 531 1779 576 Varro‘
1797 533 1841 576 in
1879 532 2010 576 variis
2045 530 2245 588 operibus
2272 531 2439 577 locum
2468 536 2546 582 est,
2574 537 2624 577 ut
2649 533 2695 577 in

286 601 628 658 ‘Aboriginibus’‚
658 601 703 645 in
734 602 1062 662 (Κοσμοτορύνῃζ
1113 602 1159 648 Si
1188 607 1332 648 autem
1362 616 1416 647 ex
1443 601 1567 646 libris
1597 601 1650 644 de
1694 614 1728 643 r.
1760 615 1794 643 r.
1826 600 1868 645 11
1893 603 1930 652 1,
1953 605 1977 645 5
2008 614 2102 656 sqq.
2132 599 2206 643 ubi
2251 599 2449 655 legimus:
2491 600 2695 646 ‘homines

286 675 331 715 et
373 669 557 727 pecudes
592 684 688 714 eum
724 683 927 726 semper
962 669 1092 714 fuisse
1128 673 1185 716 sit
1227 686 1397 717 necesse
1433 672 1600 714 natura’
1638 684 1731 726 sqq.
1768 684 1902 726 usque
1938 669 1994 713 ad
2032 667 2060 726 ξ
2092 670 2117 712 5
2160 667 2361 724 colligere
2396 669 2517 723 lieet,
2559 668 2695 713 Varro

285 739 463 795 Vergilii
502 740 583 783 fuit
618 740 690 782 vix
728 738 877 782 eadem
913 742 1134 784 sententia.
1212 741 1276 785 De
1312 754 1411 785 vere
1449 744 1669 797 perpetuo,
1706 740 1846 795 prima
1883 744 2027 782 aetate
2066 737 2214 780 mundi
2252 737 2454 795 fulgente,
2494 738 2694 782 mundum

285 822 369 851 non
405 812 553 851 natum
593 813 670 851 aut
705 812 973 863 procreatum
1011 823 1115 863 esse,
1154 808 1230 854 sed
1269 810 1570 864 sempiternum
1607 808 1751 859 fuisse,
1788 807 1918 851 verba
1946 807 2082 850 allata
2111 806 2364 850 documento
2395 811 2513 859 sunt3
2550 808 2695 863 itaque

287 874 466 932 Vergilii
495 891 578 920 non
608 875 744 921 solum
776 876 1094 921 ‘crescentis'
1132 877 1251 934 origo
1286 875 1444 923 mnndi'
1481 878 1536 933 (v.
1570 874 1687 931 315),
1725 874 1801 920 sed
1837 875 1966 920 etiam
2002 879 2139 920 totum
2175 879 2472 932 argumentum
2501 890 2693 920 versuum

286 943 371 988 335
401 959 493 1000 sqq.
522 960 619 989 cum
647 944 744 989 aliis
781 948 872 989 tum
888 944 1069 989 Varroni
1106 949 1328 1002 repugnat.
1374 945 1639 1002 Quamquam
1675 944 1808 1001 igitur
1844 942 1977 988 Servii
2015 943 2256 996 adnotatim
2295 942 2449 988 ‘Varro
2478 947 2622 988 autem
2651 945 2694 988 in

288 1015 436 1058 satura
465 1028 576 1069 quae
606 1012 851 1059 inscribitur
886 1012 939 1059 de
969 1014 1107 1060 salute
1136 1015 1263 1069 sici')
1301 1013 1502 1060 mundum
1545 1013 1661 1060 haud
1707 1017 1853 1059 natum
1899 1028 1991 1059 esse
2027 1028 2165 1070 neque
2208 1013 2343 1068 mori’,
2387 1012 2520 1060 habet
2548 1012 2696 1058 funda-

286 1085 473 1128 mentum
503 1097 588 1139 quo
617 1083 792 1136 nitatur,
823 1086 966 1128 tamen
995 1083 1098 1140 quid
1126 1083 1209 1129 sibi
1237 1083 1341 1129 velit
1369 1082 1426 1129 ad
1456 1082 1546 1128 Geo
1576 1083 1619 1128 11
1652 1084 1750 1138 336,
1781 1097 1865 1128 non
1895 1083 2106 1139 intellego.

484 1151 602 1204 Quae
622 1155 856 1209 sequuntur
882 1151 1178 1198 adnotationes
1208 1152 1345 1198 Servii
1374 1167 1467 1198 cum
1498 1151 1674 1209 Vergilii
1704 1151 1895 1198 versibus
1925 1167 2073 1208 parum
2104 1156 2204 1197 sunt
2233 1156 2458 1197 contextae
2488 1166 2616 1208 quam
2645 1156 2694 1195 ut

286 1233 359 1264 eas
404 1219 648 1277 diligentius
692 1221 1023 1278 perpendamus;
1071 1221 1145 1267 sed
1190 1236 1243 1266 ne
1273 1235 1384 1279 quae
1414 1221 1722 1273 desiderentur,
1767 1233 1992 1277 apponam.
2054 1221 2160 1265 Cum
2197 1221 2254 1266 ad
2285 1221 2416 1265 Geel
2448 1221 2524 1264 43:
2570 1220 2693 1264 ‘Vere

283 1303 390 1332 novo
428 1323 437 1332 .
479 1322 489 1332 .
534 1293 555 1332 .’
594 1290 792 1345 legimus:
855 1290 1006 1334 ‘Varro
1043 1292 1359 1346 epistolicarum
1396 1291 1689 1345 quaestionum
1743 1291 1855 1333 inter
1892 1305 2077 1333 mensem
2122 1290 2421 1343 Februarium,
2468 1291 2541 1344 qui
2593 1294 2692 1332 tunc

282 1362 394 1401 esset
438 1362 665 1412 extremus,
712 1363 755 1402 et
798 1359 909 1403 inter
953 1359 1151 1404 calendas
1189 1359 1381 1411 Martias,
1427 1373 1538 1415 quae
1574 1363 1674 1403 tunc
1703 1362 1826 1403 erant
1870 1359 2045 1414 primae'
2060 1360 2091 1413 ²)
2136 1359 2249 1413 (seilt
2295 1360 2397 1403 anni
2440 1357 2688 1414 principium

284 1424 443 1470 habere
473 1427 623 1480 voluit)
654 1431 729 1472 aut
758 1427 814 1471 ad
852 1427 942 1472 Geo
983 1428 1024 1472 II
1064 1430 1148 1473 478
1180 1463 1188 1473 .
1223 1463 1232 1472 .
1267 1461 1275 1471 .
1310 1428 1533 1484 ‘lunaeque
1562 1427 1765 1472 labores‘:
1803 1427 1941 1471 Varro
1971 1427 2014 1471 in
2052 1426 2276 1483 Cynistore
2314 1428 2483 1483 eclipsis
2521 1426 2691 1482 quando

284 1495 350 1549 sit,
383 1510 457 1541 cur
486 1497 588 1542 luna
616 1497 782 1542 laboret
814 1531 821 1540 .
857 1532 865 1542 .
899 1531 907 1541 .
942 1500 951 1518 '
983 1498 1087 1554 quid
1117 1498 1236 1551 talia,
1266 1512 1438 1554 quaeso,
1469 1497 1526 1542 ad
1545 1497 1820 1542 illustrandos
1849 1511 1996 1542 versus
2028 1496 2218 1553 Vergilii,
2250 1512 2327 1554 per
2357 1511 2403 1542 se
2432 1497 2689 1553 perspicuos,

286 1577 391 1619 opus
429 1567 556 1610 sunt?
600 1567 717 1611 Idem
748 1568 884 1612 sentio
922 1567 974 1611 de
1010 1567 1285 1612 adnotatione
1321 1568 1377 1612 ad
1414 1568 1435 1611 1
1466 1570 1570 1611 275:
1611 1570 1699 1611 ‘aut
1728 1571 1852 1611 atrae
1880 1581 2065 1610 massam
2095 1567 2200 1622 picis
2230 1567 2335 1611 urbe
2365 1569 2585 1622 reportat‘,
2619 1566 2690 1609 ubi

281 1633 395 1688 apud
440 1634 629 1679 Servium
675 1650 813 1692 pauca
858 1636 910 1680 de
956 1636 1105 1680 diebus
1135 1636 1435 1680 nundinalibus
1472 1650 1524 1680 ex
1565 1635 1754 1680 Varrone
1784 1636 2078 1691 proferuntur,
2124 1640 2168 1679 et
2204 1635 2260 1679 ad
2299 1635 2341 1678 11
2378 1637 2479 1679 168:
2515 1634 2691 1678 ‘Marses

282 1701 520 1759 pubemque
541 1704 781 1759 Sabellam‘,
813 1706 894 1750 hue
915 1709 1220 1750 commentator
1240 1719 1291 1750 ex
1312 1710 1459 1749 satura
1491 1706 1593 1761 ‘Age
1623 1705 1758 1749 modo³
1790 1704 1937 1761 aliqua
1956 1705 2219 1748 incommode
2238 1706 2439 1760 congerit.
2491 1704 2690 1748 Eiusdem

280 1771 394 1814 modi
425 1777 491 1817 est
520 1773 741 1818 adnotatio
771 1774 827 1818 ad
859 1775 949 1819 Geo
979 1774 1042 1817 111
1073 1777 1127 1818 24
1159 1779 1203 1819 et
1231 1775 1274 1818 ΙΙ
1310 1777 1408 1827 201,
1449 1789 1558 1830 quae
1588 1775 1722 1830 magis
1759 1774 1815 1817 ad
1853 1772 1990 1817 Servii
2027 1775 2161 1829 ipsius
2191 1773 2322 1817 verba
2352 1788 2480 1829 quam
2511 1773 2689 1829 Vergilii

281 1839 537 1886 declaranda
564 1847 692 1899 aptae
723 1848 831 1887 sunt.
1483 1886 1488 1891 .

482 1910 654 1956 Talibus
685 1913 850 1956 omissis
871 1912 1004 1957 Servii
1035 1912 1332 1957 adnotationes
1362 1912 1418 1956 ad
1439 1926 1597 1956 meram
1629 1912 1933 1969 agriculturam
1964 1913 2235 1968 pertinentes,
2254 1912 2376 1957 nobis
2406 1917 2504 1956 sunt
2532 1913 2689 1957 exami-

284 1979 462 2024 nandae.
516 1982 656 2038 Atque
693 1984 829 2038 primo
863 1983 1014 2026 obtutu
1056 1983 1179 2027 valde
1217 1982 1479 2035 mirabimur,
1523 1981 1638 2038 quod
1671 1997 1815 2026 earum
1842 1997 2040 2026 numerus
2080 1989 2145 2026 est
2178 1997 2436 2039 perpaucus:
2469 1997 2545 2026 eae
2578 1984 2688 2026 enim

280 2054 378 2091 sunt
398 2054 573 2105 septem,
606 2066 786 2107 quarum
819 2066 899 2095 non
930 2052 1053 2095 nauci
1093 2051 1297 2095 habemus
1336 2052 1485 2094 hasce:
1524 2051 1579 2094 ad
1612 2051 1701 2094 Geo
1732 2050 1771 2093 I:
1806 2054 1855 2093 21
1899 2051 2039 2107 ‘dique
2078 2051 2267 2107 deaeque
2305 2055 2459 2095 omnes‘
2491 2050 2688 2107 leguntur

282 2118 393 2160 inter
423 2123 585 2163 cetera:
621 2120 676 2163 ‘in
697 2120 817 2163 libris
832 2119 1157 2176 pontificalibus,
1190 2121 1262 2176 qui
1284 2124 1327 2165 et
1348 2121 1518 2163 nomina
1539 2120 1712 2163 deorum
1745 2124 1788 2163 et
1808 2119 1995 2164 rationes
2017 2121 2205 2176 ipsorum
2226 2121 2440 2164 nominum
2459 2121 2686 2166 continent.

283 2201 393 2242 quae
433 2188 561 2232 etiam
593 2189 729 2234 Varro
767 2188 897 2244 dicit',
936 2204 1045 2246 quae
1083 2189 1155 2233 ubi
1189 2189 1306 2246 ,apud
1337 2189 1570 2234 Varronem
1607 2193 1793 2243 exstent,
1833 2189 1991 2233 frustra
2030 2205 2230 2246 quaeres;
2269 2205 2396 2246 porro
2433 2205 2527 2234 eum
2566 2190 2686 2233 initio

282 2259 572 2302 commentarii
610 2258 787 2315 legimus
818 2259 871 2304 de
904 2258 1108 2303 divisione
1144 2260 1290 2303 rustici
1326 2260 1483 2316 operis:
1524 2262 1664 2303 ‘unum
1694 2258 1869 2302 Hesiodi
1900 2258 2051 2302 librum
2084 2259 2227 2303 divisit
2255 2260 2298 2303 in
2329 2264 2543 2316 quattuor,
2575 2259 2687 2316 quod

279 2327 445 2370 ratione
487 2342 571 2371 non
614 2332 750 2381 caret3
797 2343 894 2372 nam
940 2329 1074 2372 omnis
1116 2333 1252 2381 terra,
1298 2333 1345 2371 ut
1389 2329 1519 2371 etiam
1558 2328 1696 2371 Varro
1734 2327 1877 2381 docet,
1915 2329 2221 2385 quadrifariam
2258 2329 2487 2381 dividitur’,
2527 2328 2685 2373 habere

279 2394 471 2440 videmur
499 2411 583 2453 quo
613 2397 847 2442 referamus
876 2397 928 2441 cf.
961 2397 1100 2441 Varro
1131 2397 1183 2442 de
1212 2412 1245 2440 r.
1285 2411 1317 2440 r.
1357 2396 1377 2440 I
1415 2399 1454 2449 5,
1486 2398 1531 2441 3:
1578 2396 1758 2451 ‘Scrofa,
1798 2397 2106 2453 Agriculturae,
2152 2398 2301 2454 inquit,
2348 2402 2550 2454 quattuor
2587 2404 2684 2441 sunt

279 2470 424 2520 partes
454 2470 676 2520 summae‘3
722 2467 797 2510 sed
827 2482 937 2523 quae
980 2481 1090 2510 nunc
1127 2471 1426 2510 enumerantur
1471 2472 1616 2523 partes
1628 2467 1660 2522 ³)
1699 2481 1793 2510 cum
1833 2466 2007 2523 Vergilii
2039 2468 2262 2523 georgicon
2298 2467 2503 2510 librorum
2539 2467 2687 2510 ordine

281 2534 320 2588 (Ι
351 2534 404 2578 de
434 2537 696 2592 agricultura
728 2537 768 2578 11
807 2537 860 2580 de
897 2536 1121 2580 arboribus
1158 2536 1222 2579 ΙΙΙ
1259 2536 1312 2579 de
1350 2550 1396 2579 re
1434 2536 1636 2591 pecuaria
1666 2535 1726 2578 1v
1757 2535 1810 2579 de
1846 2551 1891 2579 re
1921 2537 2103 2591 apiaria)
2135 2551 2352 2579 commune
2382 2537 2550 2579 omnino
2581 2536 2687 2579 nihil

278 2603 448 2648 habent.
511 2605 571 2648 Ut
600 2605 680 2650 hoc
709 2605 801 2649 loco
833 2605 1024 2650 Servium
1055 2604 1289 2649 Varronem
1320 2605 1457 2661 ipsum
1479 2606 1521 2648 in
1543 2605 1736 2649 manibus
1757 2604 1955 2649 habuisse
1986 2606 2145 2660 optimo
2175 2606 2265 2649 iure
2297 2620 2512 2661 negamus,
2542 2606 2603 2648 ita
2633 2620 2685 2649 ne

283 2674 472 2718 ciusdem
502 2674 674 2731 quidem
705 2675 844 2719 verbis
874 2675 931 2718 ad
951 2690 987 2718 v.
1011 2675 1031 2718 1
1055 2675 1109 2719 43
1140 2676 1226 2719 iam
1246 2690 1376 2731 supra
1406 2676 1761 2719 commemoratis:
1795 2675 2129 2730 ‘Xenophontem
2161 2675 2380 2730 scripsisse
2411 2680 2488 2719 etc.
2506 2680 2584 2718 etc.
2610 2709 2618 2718 .
2643 2709 2651 2718 .
2678 2709 2685 2717 .

282 2744 391 2786 sieut
422 2745 550 2788 etiam
582 2745 634 2788 de
660 2745 867 2801 georgicis
899 2744 1090 2800 Magonis
1121 2744 1213 2788 Afri
1244 2744 1415 2788 Catonis
1447 2744 1649 2788 Varronis
1680 2744 1892 2788 Ciceronis
1924 2779 1932 2786 .
1958 2777 1966 2786 .
1991 2776 2000 2785 .
2031 2744 2164 2787 multa
2194 2744 2423 2787 transtulit>
2457 2745 2685 2799 quiequam

278 2812 560 2857 attribuimus.
628 2815 779 2869 ltaque
819 2819 990 2869 praeter
1020 2814 1336 2857 adnotationem
1366 2813 1422 2856 ad
1454 2812 1543 2856 Geo
1574 2813 1632 2855 IV
1664 2814 1717 2855 63
1749 2813 1801 2856 de
1832 2813 2021 2867 apiastro
2044 2834 2086 2849 =
2107 2813 2363 2869 melisphylli
2395 2813 2527 2856 herba
2556 2818 2599 2856 et
2629 2813 2684 2856 ad

278 2880 340 2923 111
371 2884 454 2926 273
487 2883 539 2927 de
577 2882 814 2936 ἱππομανία
855 2882 923 2930 (cf.
957 2897 1086 2938 supra
1115 2896 1182 2938 pg.
1217 2884 1288 2935 71)
1320 2881 1615 2937 inquirendum
1653 2886 1716 2925 est
1754 2882 1806 2925 de
1844 2881 1979 2926 hisce:
2021 2882 2150 2926 Geel
2189 2884 2274 2925 270
2311 2881 2439 2926 ‘rivos
2476 2882 2685 2926 deducere

277 2950 393 2994 nulla
423 2951 603 3008 Relligio
633 2952 803 3004 vetuit'3
835 2952 1026 2995 Servius:
1060 2953 1174 2994 ‘sane
1205 2951 1434 3003 sciendum,
1466 2951 1691 2994 secundum
1725 2951 1957 2994 Varronem
1989 2956 2135 2994 centra
2167 2952 2411 3006 religionem
2442 2965 2534 2993 esse
2563 2951 2600 2993 si
2621 2951 2685 2992 vel

483 3099 504 3142 ¹)
530 3098 585 3132 lta
615 3104 710 3132 recte
743 3098 902 3133 distinxit
927 3098 1072 3133 Vahlen.
1099 3099 1248 3133 coniect.
1274 3109 1329 3142 pg.
1353 3099 1415 3132 196
1433 3102 1571 3132 secutus
1593 3097 1698 3131 Probi
1718 3100 1752 3131 iu
1770 3098 1874 3140 Verg.
1893 3098 2054 3133 bucolica
2070 3098 2334 3134 adnotationem
2353 3101 2384 3141 G,
2403 3098 2444 3133 31
2464 3107 2521 3141 pg.
2546 3098 2586 3132 18
2603 3097 2684 3131 Keil

276 3152 437 3188 Ceterum
453 3154 662 3189 sententiam
688 3155 870 3199 Varronis,
895 3166 965 3190 non
989 3154 1095 3190 verba
1120 3157 1196 3199 ipsa
1221 3154 1377 3189 Servium
1402 3152 1528 3189 afferre
1552 3153 1685 3189 clarum
1710 3160 1773 3190 est.
1799 3154 1842 3189 cf.
1862 3154 1970 3196 Diels,
1996 3155 2227 3200 Doxographi
2251 3156 2378 3191 Graeci
2402 3165 2458 3200 pg.
2481 3155 2544 3190 198
2561 3153 2678 3190 adnot.

476 3210 508 3254 2)
532 3209 576 3247 cf.
601 3210 738 3247 Merkel
764 3221 820 3256 pg.
844 3211 899 3247 79.

477 3266 507 3310 ³)
532 3267 647 3303 Varro
672 3277 698 3301 r.
725 3278 750 3301 r.
776 3266 793 3302 1
817 3269 848 3311 5,
873 3268 911 3302 3:
947 3267 1060 3312 prima
1091 3268 1244 3313 cognitio
1272 3268 1381 3312 fundi,
1413 3268 1525 3304 selum
1558 3272 1747 3313 partesque
1778 3269 1854 3304 eius
1885 3269 2008 3313 quales
2035 3272 2122 3313 sint3
2155 3268 2310 3304 secunda
2334 3280 2426 3313 quae
2450 3269 2486 3305 in
2509 3280 2552 3305 eo
2577 3270 2686 3306 fundo

276 3331 366 3366 opus
390 3324 460 3359 sint
483 3335 525 3359 ac
550 3324 704 3360 debeant
728 3334 806 3360 esse
829 3324 990 3360 culturae
1014 3335 1141 3370 causa3
1164 3327 1271 3361 tertia
1294 3335 1384 3369 quae
1408 3324 1445 3359 in
1468 3335 1510 3360 eo
1535 3324 1680 3369 praedio
1706 3325 1844 3361 colendi
1865 3336 1973 3361 causa
1990 3326 2060 3361 sint
2076 3326 2256 3369 facienda,
2281 3330 2418 3370 quarta.
2444 3337 2515 3371 que
2533 3327 2685 3372 quicqua

272 3381 432 3423 tempore
456 3380 492 3416 in
516 3391 558 3417 eo
583 3380 690 3417 fundo
716 3380 792 3416 fieri
816 3381 1011 3430 conveniat.

2352 3462 2415 3498 10·
