2996 3790
1838 539 2424 585 mmm-oleum

1947 597 2490 645 mmmxza

478 657 656 733 Poetas
692 686 891 742 antiquos
925 686 969 729 in
1007 684 1238 730 condendis
1274 684 1534 730 carminibus
1569 677 1762 742 priorum
1801 684 1966 740 scripta
2007 684 2170 729 maiore
2206 697 2305 729 cum
2345 683 2537 730 licentia
2556 647 2745 742 atque&

276 756 460 811 audacia
486 768 618 812 quam
645 757 814 798 nostros
850 753 1041 796 imitatos
1077 765 1183 804 esse,
1214 753 1408 810 quisquis
1443 751 1527 798 vel'
1549 754 1748 810 exiguam
1777 765 1953 808 operam
1988 752 2033 795 in
2070 751 2241 796 litteras
2275 755 2442 798 vetares
2475 755 2524 798 et
2547 765 2695 798 moeu-
2766 765 2790 817 ἕξ

276 827 409 870 fiores
443 822 759 882 cognoscendas
792 820 1063 878 impenderit,
1092 819 1219 865 facile
1254 822 1300 865 ni
1335 820 1464 866 fallor
1500 821 1732 879 intelleget.
1806 820 1975 878 Duplex
2011 825 2154 865 autem
2191 825 2289 866 erat
2323 821 2438 866 ratio
2472 819 2694 866 imitandi·

276 898 328 939 ut
354 894 550 938 omittam
586 891 787 944 Graecos,
818 903 1000 946 quorum
1035 890 1185 945 poesin
1220 890 1446 946 genuinam
1480 905 1573 934 esse
1616 889 1845 934 verisimile
1888 893 1968 942 est,
2005 889 2290 933 Romanorum
2327 885 2558 946 scriptore-¹
2591 889 2693 935 inde

277 977 306 1008 a
333 961 457 1007 Livio
478 959 720 1006 Andronico
749 973 885 1015 usque
913 957 971 1003 ad
999 956 1382 1003 obmutescentium
1409 958 1651 1003 litterarum
1679 964 1888 1015 tempora,
1915 959 2086 1015 penitus
2103 958 2289 1002 imbutos
2309 957 2573 1003 Graecorum
2593 958 2693 1003 doe-

276 1030 393 1077 trina
426 1029 553 1076 etin
588 1027 788 1087 operibus
824 1026 893 1072 vel
927 1025 1103 1072 Homeri
1138 1026 1206 1072 vel
1242 1031 1466 1084 poetarum
1503 1029 1789 1074 scaenicorum
1825 1026 1894 1072 vel
1929 1027 2313 1073 Alexandrinorum
2349 1042 2516 1088 summo
2549 1027 2693 1074 studio

276 1104 481 1155 versatos,
511 1100 700 1157 ipsorum
728 1097 861 1144 libros
891 1096 1190 1153 composuisse,
1220 1096 1308 1142 iam
1337 1097 1393 1142 ab
1422 1098 1610 1155 antiquis
1639 1096 1945 1155 interpretibus
1974 1096 2245 1143 observatum
2261 1090 2318 1144 ‘et
2345 1102 2499 1155 postea
2533 1112 2562 1144 a
2588 1099 2692 1145 viris

278 1171 416 1216 doctis
444 1173 511 1215 tot
539 1167 800 1227 argumentis
830 1166 1128 1212 confirmatum
1158 1171 1235 1220 est,
1265 1171 1315 1212 ut
1342 1167 1429 1212 iam
1459 1169 1615 1225 ‘pueris
1634 1167 1922 1212 decantatum’
1951 1181 2046 1212 esse
2074 1167 2283 1213 videatur.
2339 1167 2522 1212 Romani
2547 1172 2691 1214 autem

276 1244 326 1284 ut
353 1238 638 1284 Horatianum
666 1237 793 1282 illud:
963 1261 966 1263 -

362 1299 364 1301 ’
1405 1306 1506 1349 ‘Vos
1535 1305 1797 1362 exemplaria
1826 1304 1994 1350 Graeca

1014 1372 1234 1418 Nocturna
1261 1379 1429 1419 versate
1456 1389 1598 1428 manu,
1626 1379 1793 1419 versate
1822 1373 1990 1418 diurna’

275 1454 507 1503 numquam
544 1406 836 1501 neglegebant,
872 1444 936 1486 ita
970 1443 1102 1499 patrii
1130 1443 1336 1487 sermonis
1368 1447 1591 1500 poetarum
1621 1457 1765 1500 opera,
1802 1457 1831 1487 a
1859 1443 2015 1499 quibus
2044 1441 2194 1486 eadem
2223 1399 2291 1485 vel
2318 1442 2476 1487 similia
2503 1447 2691 1490 tractata

276 1520 412 1570 eraut,
456 1514 510 1559 de
544 1513 756 1558 industria
790 1512 1083 1569 inspiciebant,
1133 1514 1221 1557 sive
1265 1513 1379 1568 quod
1422 1513 1477 1557 ab
1524 1513 1585 1557 eis
1625 1513 1680 1556 ad
1717 1527 1796 1556 sua
1830 1517 2031 1568 poemata
2067 1511 2313 1556 exornanda
2348 1511 2495 1568 aliqua
2529 1513 2690 1558 lumina

274 1584 478 1641 petebant
513 1584 601 1627 sive
637 1581 752 1638 quod
789 1579 1075 1637 compluribus
1104 1581 1294 1626 versibus
1327 1581 1384 1625 ad
1412 1581 1586 1626 verbum
1615 1581 1835 1625 translatis
1865 1595 1935 1625 res
1964 1580 2280 1642 mutuabantur.
2341 1580 2488 1626 Altero
2518 1582 2690 1639 quidem

273 1653 399 1697 modo
442 1651 692 1696 imitationis
736 1654 902 1694 nostros
947 1663 1114 1706 quoque
1157 1664 1256 1694 usos
1300 1664 1393 1695 esse
1436 1651 1630 1706 patescit,
1676 1652 1835 1706 quippe
1880 1650 1967 1706 qui,
2013 1650 2272 1704 alienigenas
2315 1654 2464 1705 poetas
2501 1650 2688 1696 Graecos

274 1722 486 1765 Romanos
530 1720 758 1763 Britannos
802 1718 1103 1774 Francogallos
1146 1718 1376 1762 imitandos
1418 1718 1499 1762 sibi
1543 1724 1838 1775 proponentes,
1889 1732 2033 1763 omnes
2079 1718 2276 1774 deinceps
2319 1717 2375 1763 ab
2419 1718 2588 1776 Opitzio
2631 1721 2688 1765 ad

275 1789 503 1834 Goethium
540 1794 584 1834 et
612 1788 876 1842 Schillerum,
911 1801 1168 1843 quamquam
1206 1802 1288 1831 non
1325 1793 1413 1831 tam
1449 1788 1585 1843 plenis
1623 1803 1750 1844 quam
1787 1793 1952 1832 veteres
1988 1788 2184 1831 manibus
2221 1802 2273 1831 ex
2311 1787 2395 1831 illis
2427 1788 2685 1845 delibabant,

274 1859 331 1903 ad
366 1874 445 1902 sua
480 1858 670 1902 carmina
705 1857 966 1901 conficienda
1002 1856 1346 1912 aggrederentur,
1386 1857 1504 1901 cuius
1540 1859 1605 1901 rei
1642 1857 1894 1902 documenta
1929 1857 2122 1913 proferre
2158 1857 2415 1912 supersedeo
2451 1859 2533 1902 nisi
2571 1859 2686 1915 quod

272 1942 403 1971 unum
433 1926 686 1971 Schillerum
716 1931 868 1969 testem
898 1927 982 1968 cito
1012 1926 1068 1967 ad
1098 1924 1325 1968 Goethium
1354 1925 1629 1969 scribentem:

657 1994 770 2039 ‘Und
799 1994 878 2038 auf
902 1994 979 2038 der
1009 1993 1121 2050 Spur
1151 1994 1226 2037 des
1256 1993 1468 2038 Griechen
1505 1994 1593 2037 und
1622 1994 1697 2037 des
1729 1994 1896 2038 Britten

658 2062 722 2106 Ist
752 2077 799 2106 er
830 2063 926 2119 (der
955 2062 1157 2106 deutsche
1188 2062 1363 2116 Genius)
1396 2063 1493 2105 dem
1522 2063 1696 2106 bessern
1725 2063 1891 2106 Ruhme
1918 2062 2315 2118 nachgeschritten.²

473 2133 664 2176 Alteram
695 2146 794 2175 vero
825 2133 934 2175 viam
965 2132 1216 2174 imitationis
1250 2133 1463 2186 principes
1502 2137 1742 2174 nostrarum
1780 2132 2022 2174 litterarum
2052 2145 2224 2185 prorsus
2261 2132 2509 2187 repudiasse
2546 2148 2682 2189 neque

272 2200 527 2246 vernaculae
569 2199 710 2256 poesis
754 2214 856 2255 opes
900 2204 990 2244 tam
1041 2200 1208 2255 copiose
1254 2204 1297 2244 et
1330 2198 1465 2244 libere
1503 2199 1761 2254 exhausisse,
1801 2205 1955 2255 quotus
1993 2200 2172 2255 quisque
2209 2200 2387 2244 inveniri
2431 2206 2574 2256 potest
2609 2203 2682 2258 qui

272 2270 464 2316 nesciat?
500 2269 611 2314 Nam
648 2270 685 2313 si
722 2271 817 2324 quis
847 2283 992 2313 eorum
1022 2268 1181 2321 eodem,
1220 2284 1304 2325 quo
1341 2269 1543 2312 Romanis
1571 2268 1742 2323 licebat,
1773 2269 1935 2324 modo¹)
1981 2283 2026 2311 se
2062 2268 2361 2324 applicavisset
2395 2269 2452 2312 ad
2488 2271 2682 2326 exempla

480 2384 508 2426 1)
549 2383 605 2419 De
639 2382 845 2418 imitationis
888 2382 1032 2418 licentia
1069 2382 1115 2418 ad
1152 2393 1258 2426 quam
1294 2387 1451 2418 veterum
1486 2386 1614 2427 poetae
1648 2387 1688 2418 ut
1723 2382 1901 2427 Vergilius
1937 2382 2103 2427 progredi
2141 2392 2212 2417 nou
2247 2382 2477 2427 verebantur,
2519 2384 2681 2420 conferas

269 2440 444 2476 Macrobii
475 2438 753 2475 saturnaliorum
782 2437 910 2474 librum
941 2443 1090 2482 sextum,
1121 2438 1181 2474 ubi
1211 2443 1381 2483 quantum
1410 2439 1470 2474 ille
1501 2449 1545 2474 ex
1575 2437 1703 2484 Ennio,
1737 2439 1914 2483 Lucretio,
1947 2438 2093 2480 Naevio,
2122 2437 2230 2473 Accio
2256 2443 2320 2473 etc.
2352 2437 2408 2473 vel
2433 2442 2597 2475 ‘traxerit
2625 2441 2681 2476 vel

273 2496 509 2540 surripuerit‘,
542 2494 657 2530 fusius
686 2499 741 2530 est
770 2494 903 2529 dictum
936 2494 991 2534 (cf.
1022 2493 1173 2540 Vahlen,
1209 2487 1307 2531 ‘Uber
1337 2495 1474 2529 Ennius
1505 2494 1578 2529 und
1607 2495 1806 2530 Lucretius.
1845 2494 2165 2539 Sitzungsberichte
2197 2493 2259 2528 der
2287 2493 2404 2529 Altad.
2435 2493 2469 2530 d.
2494 2494 2602 2531 Wiss.
2635 2506 2681 2532 zu

273 2551 396 2587 Berlin
422 2551 520 2598 1896,
550 2551 620 2595 32).
671 2551 774 2587 Alios
804 2551 901 2587 locos
931 2549 1079 2586 aliorum
1110 2555 1295 2597 poetarum
1326 2551 1471 2596 collegit
1493 2551 1552 2587 Fr.
1577 2550 1718 2587 Harder
1747 2551 1827 2594 (Die
1850 2551 2062 2597 Fragmente
2091 2550 2153 2585 des
2178 2550 2379 2586 Maecenas.
2410 2550 2531 2597 Progr.
2557 2551 2681 2589 Berlin

274 2609 360 2644 1889
376 2618 434 2653 pg.
455 2609 522 2653 18),
546 2619 694 2652 quorum
719 2608 826 2644 hosce
847 2608 918 2642 iam
941 2607 985 2642 ab
1008 2607 1201 2643 editoribus
1225 2608 1389 2644 laudatos
1413 2619 1535 2643 rursus
1559 2618 1738 2652 apponere
1760 2608 1845 2642 mihi
1869 2608 1990 2642 liceat:
2014 2607 2136 2642 Catull.
2162 2608 2217 2651 51,
2233 2608 2273 2642 5:
2296 2607 2412 2643 ‘dulce
2434 2608 2621 2644 ridentem’
2635 2624 2681 2641 =

271 2661 357 2698 Hor.
375 2674 396 2699 c
410 2663 428 2699 1
444 2663 501 2709 22,
524 2664 585 2701 23:
609 2664 726 2700 ‘dulce
749 2664 954 2710 ridentem’3
979 2663 1106 2700 Catull.
1122 2665 1178 2706 62,
1195 2665 1321 2707 42s44:
1346 2664 1507 2700 ‘multum
1530 2664 1628 2700 illum
1644 2664 1756 2708 pueri,
1779 2664 1910 2700 multae
1927 2668 2093 2708 optavere
2110 2663 2251 2708 puellae
2268 2669 2336 2700 etc’
2353 2678 2400 2695 =
2415 2662 2517 2700 Ovid.
2533 2664 2679 2702 Metam.

271 2719 327 2756 111
348 2719 497 2762 353s55:
528 2720 690 2758 ‘multum
722 2721 821 2758 illum
852 2720 1007 2766 iuvenes,
1038 2720 1170 2758 multae
1199 2721 1340 2767 cupiere
1370 2721 1512 2767 puellae
1543 2724 1623 2756 etc.²
1657 2741 1697 2747 -
1732 2720 1858 2755 Catull.
1882 2721 1915 2765 8,
1950 2721 2007 2755 11:
2041 2721 2182 2765 (perfer,
2213 2720 2361 2757 obdura’
2385 2738 2431 2754 =
2454 2722 2540 2760 Hor.
2575 2733 2680 2760 serm.

269 2775 305 2812 11
329 2776 363 2821 5,
385 2776 447 2812 39:
481 2780 617 2823 ‘persta
645 2782 754 2825 atque
784 2777 934 2814 obdura.³
953 2777 1112 2814 =0vid.
1137 2778 1271 2815 Tristia
1303 2778 1335 2814 V
1362 2779 1414 2824 ll,
1443 2779 1480 2814 7:
1517 2777 1648 2824 ‘perfer
1677 2780 1712 2813 et
1742 2776 1888 2813 obdura’
1906 2791 1951 2808 =
1968 2775 2068 2812 ovid.
2091 2775 2241 2813 Amores
2271 2777 2326 2814 111
2352 2779 2405 2825 ll,
2435 2779 2473 2816 7:
2509 2779 2682 2826 ‘perterre

270 2832 430 2869 obdura’.
479 2834 642 2879 Denique
673 2835 892 2872 notissimum
922 2835 1010 2871 illud
1033 2835 1173 2871 Horatii
1206 2835 1334 2880 ‘Exegi
1365 2840 1628 2871 monumentum
1657 2845 1740 2869 aere
1763 2834 1967 2878 perenuius’
1993 2838 2048 2868 etc
2065 2847 2111 2864 =
2127 2833 2241 2869 Ovidii
2266 2836 2426 2881 ‘Iamque
2450 2847 2541 2882 opus
2564 2840 2681 2883 exegi,

271 2888 367 2933 quod
388 2899 455 2926 nec
479 2889 572 2928 lovis
594 2891 650 2928 ira
672 2902 739 2929 nec
763 2891 887 2928 imber>
914 2896 979 2928 etc.
1005 2911 1047 2919 -
1072 2892 1276 2928 Macrobius
1302 2892 1443 2938 quidem
1474 2891 1517 2927 de
1539 2891 1603 2926 tali
1627 2890 1822 2927 imitatione
1845 2890 2030 2936 disputans
2060 2890 2131 2925 iam
2160 2890 2380 2937 alienigenas
2410 2896 2446 2929 et
2468 2892 2682 2931 domesticos

268 2949 394 2990 poetas
423 2946 652 2983 discreverat.
708 2948 767 2985 Ex
801 2949 1059 2985 recentioribus
1088 2950 1148 2984 vix
1177 2958 1390 2995 quemquam
1420 2948 1464 2984 de
1495 2948 1563 2983 hac
1591 2958 1630 2983 re
1654 2947 1854 2994 disputasse
1885 2946 1931 2982 ad
1960 2946 2053 2982 hunc
2079 2946 2172 2982 diem
2203 2948 2240 2983 in
2263 2948 2477 2995 universum,
2499 2949 2603 2986 valde
2629 2954 2684 2987 est

267 3000 404 3037 mirum.
446 3001 546 3039 Unus
568 3002 629 3040 Fr.
644 3003 797 3050 Harder,
822 3008 883 3051 qui
906 3016 982 3041 rem
1004 3006 1074 3041 nisi
1097 3006 1220 3051 paucis
1244 3006 1426 3042 absolvere
1449 3015 1522 3040 non
1544 3009 1696 3049 poterat,
1720 3004 1819 3039 dicit:
1845 3004 1944 3039 ‘Man
1968 3004 2092 3039 dachte
2117 3004 2254 3040 damals
2272 3005 2361 3041 uber
2376 3006 2434 3042 die
2451 3005 2683 3053 Entlehuuug

272 3066 403 3103 gauter
425 3046 538 3095 Versa
567 3069 660 3106 ganz
683 3061 811 3100 andere
833 3062 888 3099 als
907 3062 1030 3108 jetzt.
1123 3062 1221 3099 ‚Rei
1244 3062 1343 3099 einer
1364 3061 1501 3108 Poesie,
1524 3061 1634 3098 deren
1657 3060 1847 3098 Verdienst
1869 3060 2075 3097 vesentlich
2097 3061 2322 3098 stilistischer
2345 3063 2392 3108 (?)
2414 3063 2483 3099 Art
2503 3064 2562 3108 ist,
2585 3064 2684 3100 kann

268 3113 333 3150 das
362 3113 452 3150 eben
480 3113 673 3154 besonders
707 3119 806 3155 nicht
836 3118 1017 3169 auffallen,
1051 3089 1132 3155 und
1154 3128 1282 3154 unsere
1316 3117 1690 3155 mitteihochdeutsche
1720 3117 2007 3163 Kunstdichtung
2041 3117 2158 3154 liefert
2189 3118 2295 3155 daffir
2323 3118 2381 3155 die
2411 3119 2684 3167 schlagendstau

183 3155 185 3157 ¹
264 3167 463 3215 Analogia:
496 3174 576 3210 etc?
611 3193 657 3202 —
691 3175 736 3212 cf.
765 3175 854 3213 Max
883 3175 921 3212 G.
951 3175 992 3212 P.
1024 3174 1193 3222 Schmidt,
1222 3175 1509 3213 Wochenschrifl:
1541 3173 1602 3212 fiir
1633 3174 1744 3212 klass.
1775 3174 1974 3221 Philologie
2008 3174 2095 3213 1889
2124 3187 2183 3222 pg.
2207 3176 2295 3214 4531
2330 3176 2419 3214 ‘Der
2451 3176 2592 3223 Begrifl'
2620 3176 2684 3214 des

261 3225 523 3266 litterarisebeu
550 3229 760 3277 Eigeutums
792 3232 922 3270 mutate
951 3232 1145 3279 ebensogut
1173 3236 1248 3270 erst
1269 3231 1444 3270 erflxndeu
1465 3230 1618 3280 werden,
1645 3231 1714 3269 vie
1738 3242 1778 3268 so
1801 3232 1894 3270 viels
1918 3230 2052 3270 audere
2073 3242 2142 3270 uns
2163 3233 2275 3280 vollig
2302 3232 2479 3281 gelaussgs
2499 3233 2682 3281 Begrissa‘
