<?xml version="1.0" encoding="UTF-8"?>
<!DOCTYPE html PUBLIC "-//W3C//DTD XHTML 1.0 Transitional//EN"
    "http://www.w3.org/TR/xhtml1/DTD/xhtml1-transitional.dtd">
<html xmlns="http://www.w3.org/1999/xhtml" xml:lang="en" lang="en">
 <head>
  <title>
</title>
<meta http-equiv="Content-Type" content="text/html;charset=utf-8" />
  <meta name='ocr-system' content='tesseract 3.04.00' />
  <meta name='ocr-capabilities' content='ocr_page ocr_carea ocr_par ocr_line ocrx_word'/>
</head>
<body>
  <div class='ocr_page' id='page_1' title='image "4763782_0011.png"; bbox 0 0 2996 3790; ppageno 0'>
   <div class='ocr_carea' id='block_1_1' title="bbox 0 0 2996 394">
    <p class='ocr_par' dir='ltr' id='par_1_1' title="bbox 0 0 2996 394">
     <span class='ocr_line' id='line_1_1' title="bbox 0 0 2996 394; baseline 0 3396"><span class='ocrx_word' id='word_1_1' title='bbox 0 0 2996 394; x_wconf 95' lang='lat' dir='ltr'><strong> </strong></span> 
     </span>
    </p>
   </div>
   <div class='ocr_carea' id='block_1_2' title="bbox 226 436 2660 568">
    <p class='ocr_par' dir='ltr' id='par_1_2' title="bbox 163 400 2660 568">
     <span class='ocr_line' id='line_1_2' title="bbox 242 436 2660 502; baseline -0 -15.032"><span class='ocrx_word' id='word_1_2' title='bbox 242 436 1003 502; x_wconf 57' lang='lat' dir='ltr'><strong>mmmmm</strong></span> <span class='ocrx_word' id='word_1_3' title='bbox 1035 439 1545 500; x_wconf 62' lang='lat' dir='ltr'><strong>meseonem</strong></span> <span class='ocrx_word' id='word_1_4' title='bbox 1571 443 1760 499; x_wconf 80' lang='lat' dir='ltr'><strong>pretium</strong></span> <span class='ocrx_word' id='word_1_5' title='bbox 1791 441 1874 493; x_wconf 67' lang='grc' dir='ltr'><strong>ιιι,</strong></span> <span class='ocrx_word' id='word_1_6' title='bbox 1910 451 2044 498; x_wconf 76' lang='lat' dir='ltr'><strong>qm</strong></span> <span class='ocrx_word' id='word_1_7' title='bbox 2074 433 2662 504; x_wconf 54' lang='lat' dir='ltr'><strong>mmmm-J-</strong></span> 
     </span>
     <span class='ocr_line' id='line_1_3' title="bbox 226 489 2659 568; baseline -0 -14"><span class='ocrx_word' id='word_1_8' title='bbox 226 507 475 559; x_wconf 66' lang='lat' dir='ltr'><strong>‘multa-</strong></span> <span class='ocrx_word' id='word_1_9' title='bbox 489 489 2659 568; x_wconf 64' lang='lat' dir='ltr'><strong>namdemesseabaliisoonectasaepiusmepartemrmndmereoonsdusn—</strong></span> 
     </span>
    </p>
   </div>
   <div class='ocr_carea' id='block_1_3' title="bbox 242 565 2657 638">
    <p class='ocr_par' dir='ltr' id='par_1_3' title="bbox 242 565 2657 638">
     <span class='ocr_line' id='line_1_4' title="bbox 242 565 2657 638; baseline 0.001 -17"><span class='ocrx_word' id='word_1_10' title='bbox 242 565 1120 636; x_wconf 62' lang='lat' dir='ltr'><strong>ydilieiituisnondumfecissem,nisi</strong></span> <span class='ocrx_word' id='word_1_11' title='bbox 1163 579 1852 638; x_wconf 64' lang='lat' dir='ltr'><strong>manequisaecularianuuc</strong></span> <span class='ocrx_word' id='word_1_12' title='bbox 1887 573 2147 622; x_wconf 68' lang='lat' dir='ltr'><strong>celebranda</strong></span> <span class='ocrx_word' id='word_1_13' title='bbox 2188 577 2657 635; x_wconf 57' lang='lat' dir='ltr'><strong>agna-nonum</strong></span> 
     </span>
    </p>
   </div>
   <div class='ocr_carea' id='block_1_4' title="bbox 243 643 2657 771">
    <p class='ocr_par' dir='ltr' id='par_1_4' title="bbox 243 643 2657 771">
     <span class='ocr_line' id='line_1_5' title="bbox 244 643 2657 758; baseline 0 -69"><span class='ocrx_word' id='word_1_14' title='bbox 244 645 360 757; x_wconf 48' lang='lat' dir='ltr'><strong>quoii</strong></span> <span class='ocrx_word' id='word_1_15' title='bbox 385 643 1072 758; x_wconf 51' lang='lat' dir='ltr'><strong>appelhturdd‘ltealgymnasium&#39;,</strong></span> <span class='ocrx_word' id='word_1_16' title='bbox 1101 660 1169 691; x_wconf 88' lang='lat' dir='ltr'><strong>me</strong></span> <span class='ocrx_word' id='word_1_17' title='bbox 1188 661 1358 706; x_wconf 84' lang='lat' dir='ltr'><strong>qnoque</strong></span> <span class='ocrx_word' id='word_1_18' title='bbox 1377 650 1502 706; x_wconf 80' lang='lat' dir='ltr'><strong>quasi</strong></span> <span class='ocrx_word' id='word_1_19' title='bbox 1519 648 1801 706; x_wconf 78' lang='lat' dir='ltr'><strong>praecipitem</strong></span> <span class='ocrx_word' id='word_1_20' title='bbox 1818 645 1877 691; x_wconf 86' lang='lat' dir='ltr'><strong>ad</strong></span> <span class='ocrx_word' id='word_1_21' title='bbox 1895 658 2091 690; x_wconf 66' lang='lat' dir='ltr'><strong>cereces</strong></span> <span class='ocrx_word' id='word_1_22' title='bbox 2109 649 2315 703; x_wconf 71' lang='lat' dir='ltr'><strong>raperent</strong></span> <span class='ocrx_word' id='word_1_23' title='bbox 2331 649 2657 699; x_wconf 58' lang='lat' dir='ltr'><strong>osteum</strong></span> 
     </span>
     <span class='ocr_line' id='line_1_6' title="bbox 243 726 818 771; baseline 0.002 -1"><span class='ocrx_word' id='word_1_24' title='bbox 243 727 320 770; x_wconf 65' lang='grc' dir='ltr'><strong>ΦΒ</strong></span> <span class='ocrx_word' id='word_1_25' title='bbox 374 726 559 770; x_wconf 62' lang='lat' dir='ltr'><strong>Imm,</strong></span> <span class='ocrx_word' id='word_1_26' title='bbox 589 727 619 771; x_wconf 87' lang='lat' dir='ltr'><strong>q</strong></span> <span class='ocrx_word' id='word_1_27' title='bbox 722 728 818 758; x_wconf 71' lang='lat'><strong>⁰⁰1¹-</strong></span> 
     </span>
    </p>
   </div>
   <div class='ocr_carea' id='block_1_5' title="bbox 243 826 2661 1165">
    <p class='ocr_par' dir='ltr' id='par_1_5' title="bbox 243 826 2661 1165">
     <span class='ocr_line' id='line_1_7' title="bbox 443 826 2660 890; baseline 0.001 -17"><span class='ocrx_word' id='word_1_28' title='bbox 443 826 496 872; x_wconf 87' lang='lat' dir='ltr'><strong>In</strong></span> <span class='ocrx_word' id='word_1_29' title='bbox 513 827 596 873; x_wconf 82' lang='lat' dir='ltr'><strong>hac</strong></span> <span class='ocrx_word' id='word_1_30' title='bbox 614 833 759 874; x_wconf 73' lang='lat' dir='ltr'><strong>autem</strong></span> <span class='ocrx_word' id='word_1_31' title='bbox 777 829 1030 886; x_wconf 83' lang='lat' dir='ltr'><strong>quaestione</strong></span> <span class='ocrx_word' id='word_1_32' title='bbox 1051 831 1281 877; x_wconf 87' lang='lat' dir='ltr'><strong>tractanda</strong></span> <span class='ocrx_word' id='word_1_33' title='bbox 1306 846 1404 878; x_wconf 89' lang='lat' dir='ltr'><strong>enm</strong></span> <span class='ocrx_word' id='word_1_34' title='bbox 1419 833 1544 890; x_wconf 61' lang='lat' dir='ltr'><strong>”qui</strong></span> <span class='ocrx_word' id='word_1_35' title='bbox 1563 831 1759 877; x_wconf 76' lang='lat' dir='ltr'><strong>ordinem</strong></span> <span class='ocrx_word' id='word_1_36' title='bbox 1777 830 1884 875; x_wconf 81' lang='lat' dir='ltr'><strong>mihi</strong></span> <span class='ocrx_word' id='word_1_37' title='bbox 1899 830 2118 888; x_wconf 77' lang='lat' dir='ltr'><strong>proposui,</strong></span> <span class='ocrx_word' id='word_1_38' title='bbox 2148 833 2200 874; x_wconf 85' lang='lat' dir='ltr'><strong>ut</strong></span> <span class='ocrx_word' id='word_1_39' title='bbox 2226 829 2410 887; x_wconf 70' lang='lat' dir='ltr'><strong>prinn-</strong></span> <span class='ocrx_word' id='word_1_40' title='bbox 2432 828 2660 888; x_wconf 69' lang='lat' dir='ltr'><strong>amphoe&#39;-</strong></span> 
     </span>
     <span class='ocr_line' id='line_1_8' title="bbox 243 896 2657 959; baseline 0.002 -17"><span class='ocrx_word' id='word_1_41' title='bbox 243 896 374 954; x_wconf 84' lang='lat' dir='ltr'><strong>spatii</strong></span> <span class='ocrx_word' id='word_1_42' title='bbox 399 900 547 954; x_wconf 81' lang='lat' dir='ltr'><strong>partes</strong></span> <span class='ocrx_word' id='word_1_43' title='bbox 576 896 834 945; x_wconf 71' lang='lat' dir='ltr'><strong>varroniani</strong></span> <span class='ocrx_word' id='word_1_44' title='bbox 870 900 1013 956; x_wconf 87' lang='lat' dir='ltr'><strong>operis</strong></span> <span class='ocrx_word' id='word_1_45' title='bbox 1041 915 1154 957; x_wconf 82' lang='lat' dir='ltr'><strong>quae</strong></span> <span class='ocrx_word' id='word_1_46' title='bbox 1191 900 1371 959; x_wconf 79' lang='lat' dir='ltr'>Vergilii</span> <span class='ocrx_word' id='word_1_47' title='bbox 1395 906 1500 947; x_wconf 70' lang='lat' dir='ltr'><strong>ante</strong></span> <span class='ocrx_word' id='word_1_48' title='bbox 1528 900 1674 947; x_wconf 83' lang='lat' dir='ltr'><strong>oculos</strong></span> <span class='ocrx_word' id='word_1_49' title='bbox 1708 898 2003 952; x_wconf 64' lang='lat' dir='ltr'><strong>versabantur,</strong></span> <span class='ocrx_word' id='word_1_50' title='bbox 2030 913 2132 945; x_wconf 79' lang='lat' dir='ltr'><strong>cnm</strong></span> <span class='ocrx_word' id='word_1_51' title='bbox 2166 897 2391 956; x_wconf 67' lang='lat' dir='ltr'><strong>Goono&#39;de</strong></span> <span class='ocrx_word' id='word_1_52' title='bbox 2426 897 2657 953; x_wconf 64' lang='lat' dir='ltr'><strong>muham,</strong></span> 
     </span>
     <span class='ocr_line' id='line_1_9' title="bbox 246 961 2661 1033; baseline 0.002 -23"><span class='ocrx_word' id='word_1_53' title='bbox 246 964 401 1011; x_wconf 73' lang='lat' dir='ltr'><strong>deinde</strong></span> <span class='ocrx_word' id='word_1_54' title='bbox 431 979 509 1010; x_wconf 86' lang='lat' dir='ltr'><strong>eos</strong></span> <span class='ocrx_word' id='word_1_55' title='bbox 539 965 653 1033; x_wconf 84' lang='lat' dir='ltr'><strong>locos</strong></span> <span class='ocrx_word' id='word_1_56' title='bbox 682 961 853 1020; x_wconf 84' lang='lat' dir='ltr'><strong>addam,</strong></span> <span class='ocrx_word' id='word_1_57' title='bbox 889 967 1043 1024; x_wconf 89' lang='lat' dir='ltr'><strong>quibus</strong></span> <span class='ocrx_word' id='word_1_58' title='bbox 1073 969 1204 1014; x_wconf 82' lang='lat' dir='ltr'><strong>etiam</strong></span> <span class='ocrx_word' id='word_1_59' title='bbox 1231 969 1364 1015; x_wconf 76' lang='lat' dir='ltr'><strong>verba</strong></span> <span class='ocrx_word' id='word_1_60' title='bbox 1390 970 1660 1016; x_wconf 71' lang='lat' dir='ltr'><strong>consentiunt</strong></span> <span class='ocrx_word' id='word_1_61' title='bbox 1695 995 1749 1003; x_wconf 87' lang='lat'>—</span> <span class='ocrx_word' id='word_1_62' title='bbox 1784 984 1894 1025; x_wconf 80' lang='lat' dir='ltr'><strong>qnos</strong></span> <span class='ocrx_word' id='word_1_63' title='bbox 1929 967 2176 1025; x_wconf 70' lang='lat' dir='ltr'><strong>expectabis</strong></span> <span class='ocrx_word' id='word_1_64' title='bbox 2203 981 2530 1025; x_wconf 70' lang='lat' dir='ltr'><strong>yupamos-</strong></span> <span class='ocrx_word' id='word_1_65' title='bbox 2566 970 2661 1014; x_wconf 51' lang='grc' dir='ltr'><strong><em>Μ</em></strong></span> 
     </span>
     <span class='ocr_line' id='line_1_10' title="bbox 243 1031 2660 1101; baseline 0.002 -24"><span class='ocrx_word' id='word_1_66' title='bbox 243 1031 501 1090; x_wconf 81' lang='lat' dir='ltr'><strong>perlnstrem</strong></span> <span class='ocrx_word' id='word_1_67' title='bbox 530 1048 604 1084; x_wconf 89' lang='lat' dir='ltr'><strong>eos</strong></span> <span class='ocrx_word' id='word_1_68' title='bbox 633 1034 707 1091; x_wconf 89' lang='lat' dir='ltr'><strong>qui</strong></span> <span class='ocrx_word' id='word_1_69' title='bbox 737 1034 804 1080; x_wconf 85' lang='lat' dir='ltr'><strong>vel</strong></span> <span class='ocrx_word' id='word_1_70' title='bbox 833 1035 991 1082; x_wconf 86' lang='lat' dir='ltr'><strong>similes</strong></span> <span class='ocrx_word' id='word_1_71' title='bbox 1020 1037 1088 1084; x_wconf 83' lang='lat' dir='ltr'><strong>vel</strong></span> <span class='ocrx_word' id='word_1_72' title='bbox 1113 1038 1255 1096; x_wconf 84' lang='lat' dir='ltr'><strong>aequi,</strong></span> <span class='ocrx_word' id='word_1_73' title='bbox 1275 1053 1347 1085; x_wconf 83' lang='lat' dir='ltr'><strong>res</strong></span> <span class='ocrx_word' id='word_1_74' title='bbox 1373 1037 1490 1096; x_wconf 85' lang='lat' dir='ltr'><strong>quod</strong></span> <span class='ocrx_word' id='word_1_75' title='bbox 1508 1041 1690 1096; x_wconf 85' lang='lat' dir='ltr'><strong>spectat,</strong></span> <span class='ocrx_word' id='word_1_76' title='bbox 1710 1037 1921 1083; x_wconf 82' lang='lat' dir='ltr'><strong>nominari</strong></span> <span class='ocrx_word' id='word_1_77' title='bbox 1939 1040 2117 1094; x_wconf 66' lang='lat' dir='ltr'><strong>possut</strong></span> <span class='ocrx_word' id='word_1_78' title='bbox 2134 1034 2308 1101; x_wconf 62' lang='lat' dir='ltr'><strong>(talium</strong></span> <span class='ocrx_word' id='word_1_79' title='bbox 2313 1049 2526 1082; x_wconf 61' lang='lat' dir='ltr'><strong>muns</strong></span> <span class='ocrx_word' id='word_1_80' title='bbox 2551 1035 2660 1082; x_wconf 73' lang='lat' dir='ltr'><strong>satis</strong></span> 
     </span>
     <span class='ocr_line' id='line_1_11' title="bbox 244 1103 2659 1165; baseline 0.002 -19"><span class='ocrx_word' id='word_1_81' title='bbox 244 1114 422 1157; x_wconf 71' lang='lat' dir='ltr'><strong>magnus</strong></span> <span class='ocrx_word' id='word_1_82' title='bbox 449 1103 574 1156; x_wconf 86' lang='lat' dir='ltr'><strong>erit);</strong></span> <span class='ocrx_word' id='word_1_83' title='bbox 601 1117 677 1148; x_wconf 87' lang='lat' dir='ltr'><strong>eos</strong></span> <span class='ocrx_word' id='word_1_84' title='bbox 704 1104 922 1160; x_wconf 81' lang='lat' dir='ltr'><strong>excipiant</strong></span> <span class='ocrx_word' id='word_1_85' title='bbox 947 1106 1139 1152; x_wconf 88' lang='lat' dir='ltr'><strong>nonnulli</strong></span> <span class='ocrx_word' id='word_1_86' title='bbox 1167 1107 1332 1162; x_wconf 89' lang='lat' dir='ltr'><strong>horum,</strong></span> <span class='ocrx_word' id='word_1_87' title='bbox 1359 1107 1517 1165; x_wconf 79' lang='lat' dir='ltr'><strong>quihus</strong></span> <span class='ocrx_word' id='word_1_88' title='bbox 1543 1111 1676 1165; x_wconf 85' lang='lat' dir='ltr'><strong>poeta</strong></span> <span class='ocrx_word' id='word_1_89' title='bbox 1703 1121 1731 1151; x_wconf 90' lang='lat' dir='ltr'><strong>a</strong></span> <span class='ocrx_word' id='word_1_90' title='bbox 1758 1106 1924 1151; x_wconf 84' lang='lat' dir='ltr'><strong>solutae</strong></span> <span class='ocrx_word' id='word_1_91' title='bbox 1951 1106 2158 1151; x_wconf 73' lang='lat' dir='ltr'><strong>orationis</strong></span> <span class='ocrx_word' id='word_1_92' title='bbox 2184 1105 2396 1162; x_wconf 65' lang='lat' dir='ltr'><strong>scriptore</strong></span> <span class='ocrx_word' id='word_1_93' title='bbox 2414 1103 2618 1152; x_wconf 57' lang='lat' dir='ltr'><strong>fimit-</strong></span> <span class='ocrx_word' id='word_1_94' title='bbox 2606 1105 2659 1162; x_wconf 75' lang='lat'><strong>,⁸)</strong></span> 
     </span>
    </p>
   </div>
   <div class='ocr_carea' id='block_1_6' title="bbox 161 1171 2661 1232">
    <p class='ocr_par' dir='ltr' id='par_1_6' title="bbox 161 1171 2661 1232">
     <span class='ocr_line' id='line_1_12' title="bbox 161 1171 2661 1232; baseline 0.002 -17"><span class='ocrx_word' id='word_1_95' title='bbox 161 1215 167 1221; x_wconf 81' lang='grc'><strong>,</strong></span> <span class='ocrx_word' id='word_1_96' title='bbox 243 1183 394 1225; x_wconf 70' lang='lat' dir='ltr'><strong>agnen</strong></span> <span class='ocrx_word' id='word_1_97' title='bbox 414 1171 619 1216; x_wconf 79' lang='lat' dir='ltr'><strong>claudant</strong></span> <span class='ocrx_word' id='word_1_98' title='bbox 636 1171 718 1216; x_wconf 89' lang='lat' dir='ltr'><strong>loci</strong></span> <span class='ocrx_word' id='word_1_99' title='bbox 739 1173 913 1228; x_wconf 90' lang='lat' dir='ltr'><strong>quidam</strong></span> <span class='ocrx_word' id='word_1_100' title='bbox 932 1173 1124 1220; x_wconf 84' lang='lat' dir='ltr'><strong>Serviani</strong></span> <span class='ocrx_word' id='word_1_101' title='bbox 1142 1177 1447 1230; x_wconf 86' lang='lat' dir='ltr'><strong>commentarii,</strong></span> <span class='ocrx_word' id='word_1_102' title='bbox 1463 1190 1522 1221; x_wconf 84' lang='lat' dir='ltr'><strong>ex</strong></span> <span class='ocrx_word' id='word_1_103' title='bbox 1542 1175 1696 1232; x_wconf 83' lang='lat' dir='ltr'><strong>quibus</strong></span> <span class='ocrx_word' id='word_1_104' title='bbox 1712 1175 1903 1220; x_wconf 80' lang='lat' dir='ltr'><strong>nondum</strong></span> <span class='ocrx_word' id='word_1_105' title='bbox 1925 1175 1974 1228; x_wconf 91' lang='grc' dir='ltr'><strong>ιιι</strong></span> <span class='ocrx_word' id='word_1_106' title='bbox 1992 1188 2116 1218; x_wconf 83' lang='lat' dir='ltr'><strong>usum</strong></span> <span class='ocrx_word' id='word_1_107' title='bbox 2144 1174 2306 1219; x_wconf 70' lang='lat' dir='ltr'><strong>vocatis</strong></span> <span class='ocrx_word' id='word_1_108' title='bbox 2330 1188 2363 1219; x_wconf 81' lang='lat' dir='ltr'><strong>a</strong></span> <span class='ocrx_word' id='word_1_109' title='bbox 2390 1174 2496 1218; x_wconf 71' lang='lat' dir='ltr'><strong>nris</strong></span> <span class='ocrx_word' id='word_1_110' title='bbox 2518 1172 2661 1221; x_wconf 70' lang='lat' dir='ltr'><strong>deofl·</strong></span> 
     </span>
    </p>
   </div>
   <div class='ocr_carea' id='block_1_7' title="bbox 238 1238 2659 1714">
    <p class='ocr_par' dir='ltr' id='par_1_7' title="bbox 240 1238 2659 1365">
     <span class='ocr_line' id='line_1_13' title="bbox 242 1238 2659 1302; baseline 0.002 -18"><span class='ocrx_word' id='word_1_111' title='bbox 242 1238 373 1286; x_wconf 77' lang='lat' dir='ltr'><strong>etiam</strong></span> <span class='ocrx_word' id='word_1_112' title='bbox 401 1238 551 1293; x_wconf 88' lang='lat' dir='ltr'><strong>multa,</strong></span> <span class='ocrx_word' id='word_1_113' title='bbox 581 1254 693 1296; x_wconf 86' lang='lat' dir='ltr'><strong>quae</strong></span> <span class='ocrx_word' id='word_1_114' title='bbox 721 1241 780 1287; x_wconf 89' lang='lat' dir='ltr'><strong>ad</strong></span> <span class='ocrx_word' id='word_1_115' title='bbox 808 1242 947 1298; x_wconf 80' lang='lat' dir='ltr'><strong>ipsam</strong></span> <span class='ocrx_word' id='word_1_116' title='bbox 965 1244 1270 1299; x_wconf 71' lang='lat' dir='ltr'><strong>agricultum</strong></span> <span class='ocrx_word' id='word_1_117' title='bbox 1298 1261 1384 1290; x_wconf 85' lang='lat' dir='ltr'><strong>non</strong></span> <span class='ocrx_word' id='word_1_118' title='bbox 1412 1245 1669 1302; x_wconf 76' lang='lat' dir='ltr'><strong>pertineant,</strong></span> <span class='ocrx_word' id='word_1_119' title='bbox 1697 1245 1744 1291; x_wconf 80' lang='grc' dir='ltr'><strong>ιι</strong></span> <span class='ocrx_word' id='word_1_120' title='bbox 1771 1243 1993 1300; x_wconf 62' lang='lat' dir='ltr'><strong>Gemgiois</strong></span> <span class='ocrx_word' id='word_1_121' title='bbox 2021 1242 2079 1288; x_wconf 87' lang='lat' dir='ltr'><strong>ad</strong></span> <span class='ocrx_word' id='word_1_122' title='bbox 2097 1242 2337 1289; x_wconf 82' lang='lat' dir='ltr'><strong>Varronem</strong></span> <span class='ocrx_word' id='word_1_123' title='bbox 2361 1241 2507 1289; x_wconf 68' lang='lat' dir='ltr'><strong>redite</strong></span> <span class='ocrx_word' id='word_1_124' title='bbox 2534 1255 2659 1289; x_wconf 74' lang='lat' dir='ltr'><strong>asmo</strong></span> 
     </span>
     <span class='ocr_line' id='line_1_14' title="bbox 240 1307 585 1365; baseline 0.009 -13"><span class='ocrx_word' id='word_1_125' title='bbox 240 1320 325 1353; x_wconf 88' lang='lat' dir='ltr'><strong>non</strong></span> <span class='ocrx_word' id='word_1_126' title='bbox 351 1307 585 1365; x_wconf 76' lang='lat' dir='ltr'><strong>intelleget,</strong></span> 
     </span>
    </p>

    <p class='ocr_par' dir='ltr' id='par_1_8' title="bbox 240 1376 2657 1644">
     <span class='ocr_line' id='line_1_15' title="bbox 442 1376 2656 1437; baseline 0.002 -16"><span class='ocrx_word' id='word_1_127' title='bbox 442 1376 506 1422; x_wconf 80' lang='lat' dir='ltr'><strong>Ac</strong></span> <span class='ocrx_word' id='word_1_128' title='bbox 532 1378 718 1434; x_wconf 84' lang='lat' dir='ltr'><strong>primum</strong></span> <span class='ocrx_word' id='word_1_129' title='bbox 746 1379 918 1434; x_wconf 89' lang='lat' dir='ltr'><strong>quidem</strong></span> <span class='ocrx_word' id='word_1_130' title='bbox 948 1382 1204 1426; x_wconf 87' lang='lat' dir='ltr'><strong>mentionem</strong></span> <span class='ocrx_word' id='word_1_131' title='bbox 1232 1382 1438 1428; x_wconf 81' lang='lat' dir='ltr'><strong>faciamus</strong></span> <span class='ocrx_word' id='word_1_132' title='bbox 1466 1397 1664 1428; x_wconf 77' lang='lat' dir='ltr'><strong>versuum</strong></span> <span class='ocrx_word' id='word_1_133' title='bbox 1691 1382 1863 1428; x_wconf 80' lang='lat' dir='ltr'><strong>illorum</strong></span> <span class='ocrx_word' id='word_1_134' title='bbox 1892 1379 2047 1437; x_wconf 79' lang='lat' dir='ltr'><strong>quibas</strong></span> <span class='ocrx_word' id='word_1_135' title='bbox 2066 1379 2193 1425; x_wconf 74' lang='lat' dir='ltr'><strong>initio</strong></span> <span class='ocrx_word' id='word_1_136' title='bbox 2211 1380 2344 1424; x_wconf 78' lang='lat' dir='ltr'><strong>totius</strong></span> <span class='ocrx_word' id='word_1_137' title='bbox 2358 1379 2508 1436; x_wconf 81' lang='lat' dir='ltr'><strong>operis</strong></span> <span class='ocrx_word' id='word_1_138' title='bbox 2523 1382 2656 1436; x_wconf 70' lang='lat' dir='ltr'><strong>poet·</strong></span> 
     </span>
     <span class='ocr_line' id='line_1_16' title="bbox 241 1443 2657 1508; baseline 0.002 -20"><span class='ocrx_word' id='word_1_139' title='bbox 241 1443 357 1500; x_wconf 80' lang='lat' dir='ltr'><strong>deos,</strong></span> <span class='ocrx_word' id='word_1_140' title='bbox 386 1445 582 1502; x_wconf 79' lang='lat' dir='ltr'><strong>inprimis</strong></span> <span class='ocrx_word' id='word_1_141' title='bbox 618 1450 822 1504; x_wconf 76' lang='lat' dir='ltr'><strong>agrestes,</strong></span> <span class='ocrx_word' id='word_1_142' title='bbox 858 1447 1040 1503; x_wconf 87' lang='lat' dir='ltr'><strong>invocat,</strong></span> <span class='ocrx_word' id='word_1_143' title='bbox 1077 1463 1208 1506; x_wconf 89' lang='lat' dir='ltr'><strong>quam</strong></span> <span class='ocrx_word' id='word_1_144' title='bbox 1242 1451 1552 1496; x_wconf 76' lang='lat' dir='ltr'><strong>invocationem</strong></span> <span class='ocrx_word' id='word_1_145' title='bbox 1585 1450 1745 1508; x_wconf 68' lang='lat' dir='ltr'><strong>legenti</strong></span> <span class='ocrx_word' id='word_1_146' title='bbox 1774 1450 1981 1496; x_wconf 70' lang='lat' dir='ltr'><strong>Varronis</strong></span> <span class='ocrx_word' id='word_1_147' title='bbox 2015 1447 2218 1495; x_wconf 76' lang='lat' dir='ltr'><strong>similium</strong></span> <span class='ocrx_word' id='word_1_148' title='bbox 2246 1461 2421 1505; x_wconf 74' lang='lat' dir='ltr'><strong>precum</strong></span> <span class='ocrx_word' id='word_1_149' title='bbox 2449 1447 2583 1495; x_wconf 69' lang='lat' dir='ltr'><strong>eniri·</strong></span> <span class='ocrx_word' id='word_1_150' title='bbox 2604 1448 2657 1494; x_wconf 81' lang='lat' dir='ltr'><strong>:in</strong></span> 
     </span>
     <span class='ocr_line' id='line_1_17' title="bbox 240 1515 2656 1577; baseline 0.002 -22"><span class='ocrx_word' id='word_1_151' title='bbox 240 1517 424 1557; x_wconf 90' lang='lat' dir='ltr'><strong>mentem</strong></span> <span class='ocrx_word' id='word_1_152' title='bbox 443 1515 588 1558; x_wconf 85' lang='lat' dir='ltr'><strong>venire</strong></span> <span class='ocrx_word' id='word_1_153' title='bbox 608 1520 935 1560; x_wconf 88' lang='lat' dir='ltr'><strong>consentaneum</strong></span> <span class='ocrx_word' id='word_1_154' title='bbox 951 1522 1028 1572; x_wconf 89' lang='lat' dir='ltr'><strong>est,</strong></span> <span class='ocrx_word' id='word_1_155' title='bbox 1049 1520 1302 1575; x_wconf 84' lang='lat' dir='ltr'><strong>praesertim</strong></span> <span class='ocrx_word' id='word_1_156' title='bbox 1320 1533 1417 1565; x_wconf 88' lang='lat' dir='ltr'><strong>cum</strong></span> <span class='ocrx_word' id='word_1_157' title='bbox 1435 1533 1590 1577; x_wconf 88' lang='lat' dir='ltr'><strong>prosae</strong></span> <span class='ocrx_word' id='word_1_158' title='bbox 1609 1519 1816 1565; x_wconf 86' lang='lat' dir='ltr'><strong>orationis</strong></span> <span class='ocrx_word' id='word_1_159' title='bbox 1833 1519 2020 1575; x_wconf 76' lang='lat' dir='ltr'><strong>scriptor</strong></span> <span class='ocrx_word' id='word_1_160' title='bbox 2035 1518 2169 1562; x_wconf 71' lang='lat' dir='ltr'><strong>etiam</strong></span> <span class='ocrx_word' id='word_1_161' title='bbox 2187 1516 2245 1561; x_wconf 78' lang='lat' dir='ltr'><strong>ab</strong></span> <span class='ocrx_word' id='word_1_162' title='bbox 2259 1516 2415 1561; x_wconf 77' lang='lat' dir='ltr'><strong>eadem</strong></span> <span class='ocrx_word' id='word_1_163' title='bbox 2429 1515 2656 1563; x_wconf 57' lang='lat' dir='ltr'><strong>mam</strong></span> 
     </span>
     <span class='ocr_line' id='line_1_18' title="bbox 241 1580 2656 1644; baseline 0.003 -20"><span class='ocrx_word' id='word_1_164' title='bbox 241 1580 342 1625; x_wconf 74' lang='lat' dir='ltr'><strong>libri</strong></span> <span class='ocrx_word' id='word_1_165' title='bbox 369 1583 525 1639; x_wconf 87' lang='lat' dir='ltr'><strong>capiat</strong></span> <span class='ocrx_word' id='word_1_166' title='bbox 586 1583 745 1640; x_wconf 82' lang='lat' dir='ltr'><strong>Vergil.</strong></span> <span class='ocrx_word' id='word_1_167' title='bbox 778 1584 869 1630; x_wconf 90' lang='lat' dir='ltr'><strong>Geo</strong></span> <span class='ocrx_word' id='word_1_168' title='bbox 888 1586 910 1630; x_wconf 92' lang='lat'>1</span> <span class='ocrx_word' id='word_1_169' title='bbox 931 1589 957 1632; x_wconf 87' lang='lat'><strong>5</strong></span> <span class='ocrx_word' id='word_1_170' title='bbox 978 1601 1095 1644; x_wconf 87' lang='lat' dir='ltr'><strong>sqq.:</strong></span> <span class='ocrx_word' id='word_1_171' title='bbox 1128 1590 1214 1633; x_wconf 84' lang='lat' dir='ltr'><strong>‘vos</strong></span> <span class='ocrx_word' id='word_1_172' title='bbox 1243 1602 1270 1632; x_wconf 94' lang='lat'><strong>0</strong></span> <span class='ocrx_word' id='word_1_173' title='bbox 1299 1589 1537 1634; x_wconf 84' lang='lat' dir='ltr'><strong>clarissima</strong></span> <span class='ocrx_word' id='word_1_174' title='bbox 1563 1589 1712 1634; x_wconf 81' lang='lat' dir='ltr'><strong>mundi</strong></span> <span class='ocrx_word' id='word_1_175' title='bbox 1741 1589 1935 1641; x_wconf 82' lang='lat' dir='ltr'><strong>Lumina,</strong></span> <span class='ocrx_word' id='word_1_176' title='bbox 1965 1586 2182 1632; x_wconf 82' lang='lat' dir='ltr'><strong>labentem</strong></span> <span class='ocrx_word' id='word_1_177' title='bbox 2209 1585 2330 1630; x_wconf 80' lang='lat' dir='ltr'><strong>caelo</strong></span> <span class='ocrx_word' id='word_1_178' title='bbox 2355 1599 2472 1642; x_wconf 71' lang='lat' dir='ltr'><strong>quan</strong></span> <span class='ocrx_word' id='word_1_179' title='bbox 2499 1585 2656 1630; x_wconf 78' lang='lat' dir='ltr'><strong>ducitis</strong></span> 
     </span>
    </p>

    <p class='ocr_par' dir='ltr' id='par_1_9' title="bbox 238 1650 2655 1714">
     <span class='ocr_line' id='line_1_19' title="bbox 238 1650 2655 1714; baseline 0.002 -22"><span class='ocrx_word' id='word_1_180' title='bbox 238 1664 408 1703; x_wconf 87' lang='lat' dir='ltr'><strong>annum,</strong></span> <span class='ocrx_word' id='word_1_181' title='bbox 438 1650 570 1694; x_wconf 87' lang='lat' dir='ltr'><strong>Liber</strong></span> <span class='ocrx_word' id='word_1_182' title='bbox 597 1656 642 1695; x_wconf 88' lang='lat' dir='ltr'><strong>et</strong></span> <span class='ocrx_word' id='word_1_183' title='bbox 670 1653 785 1696; x_wconf 89' lang='lat' dir='ltr'><strong>alma</strong></span> <span class='ocrx_word' id='word_1_184' title='bbox 814 1653 955 1710; x_wconf 89' lang='lat' dir='ltr'><strong>Ceres,</strong></span> <span class='ocrx_word' id='word_1_185' title='bbox 986 1661 1128 1700; x_wconf 84' lang='lat' dir='ltr'><strong>vestro</strong></span> <span class='ocrx_word' id='word_1_186' title='bbox 1156 1658 1194 1700; x_wconf 91' lang='lat' dir='ltr'><strong>si</strong></span> <span class='ocrx_word' id='word_1_187' title='bbox 1231 1671 1405 1702; x_wconf 83' lang='lat' dir='ltr'><strong>munere</strong></span> <span class='ocrx_word' id='word_1_188' title='bbox 1440 1657 1567 1702; x_wconf 85' lang='lat' dir='ltr'><strong>tellus</strong></span> <span class='ocrx_word' id='word_1_189' title='bbox 1596 1657 1833 1702; x_wconf 74' lang='lat' dir='ltr'><strong>Chaoniam</strong></span> <span class='ocrx_word' id='word_1_190' title='bbox 1867 1656 2017 1714; x_wconf 77' lang='lat' dir='ltr'><strong>pingui</strong></span> <span class='ocrx_word' id='word_1_191' title='bbox 2049 1654 2251 1711; x_wconf 75' lang='lat' dir='ltr'><strong>glandem</strong></span> <span class='ocrx_word' id='word_1_192' title='bbox 2285 1655 2471 1698; x_wconf 72' lang='lat' dir='ltr'><strong>mutavit</strong></span> <span class='ocrx_word' id='word_1_193' title='bbox 2500 1655 2655 1709; x_wconf 68' lang='lat' dir='ltr'><strong>arista.</strong></span> 
     </span>
    </p>
   </div>
   <div class='ocr_carea' id='block_1_8' title="bbox 234 1719 2655 1921">
    <p class='ocr_par' dir='ltr' id='par_1_10' title="bbox 234 1719 2655 1921">
     <span class='ocr_line' id='line_1_20' title="bbox 239 1719 2655 1783; baseline 0.004 -22"><span class='ocrx_word' id='word_1_194' title='bbox 239 1750 465 1763; x_wconf 88' lang='grc'><strong>......</strong></span> <span class='ocrx_word' id='word_1_195' title='bbox 505 1719 563 1763; x_wconf 87' lang='lat' dir='ltr'><strong>Et</strong></span> <span class='ocrx_word' id='word_1_196' title='bbox 598 1735 673 1764; x_wconf 81' lang='lat' dir='ltr'><strong>vos</strong></span> <span class='ocrx_word' id='word_1_197' title='bbox 712 1728 926 1778; x_wconf 85' lang='lat' dir='ltr'><strong>agrestum</strong></span> <span class='ocrx_word' id='word_1_198' title='bbox 961 1726 1206 1782; x_wconf 86' lang='lat' dir='ltr'><strong>praeseutia</strong></span> <span class='ocrx_word' id='word_1_199' title='bbox 1234 1726 1421 1779; x_wconf 83' lang='lat' dir='ltr'><strong>numina,</strong></span> <span class='ocrx_word' id='word_1_200' title='bbox 1451 1726 1602 1782; x_wconf 77' lang='lat' dir='ltr'><strong>Fauni,</strong></span> <span class='ocrx_word' id='word_1_201' title='bbox 1632 1727 1759 1772; x_wconf 89' lang='lat' dir='ltr'><strong>Ferte</strong></span> <span class='ocrx_word' id='word_1_202' title='bbox 1788 1725 1914 1770; x_wconf 81' lang='lat' dir='ltr'><strong>simul</strong></span> <span class='ocrx_word' id='word_1_203' title='bbox 1943 1725 2165 1782; x_wconf 71' lang='lat' dir='ltr'><strong>Faunique</strong></span> <span class='ocrx_word' id='word_1_204' title='bbox 2193 1723 2345 1782; x_wconf 82' lang='lat' dir='ltr'><strong>pedem</strong></span> <span class='ocrx_word' id='word_1_205' title='bbox 2374 1722 2655 1783; x_wconf 66' lang='lat' dir='ltr'><strong>Dryadesque</strong></span> 
     </span>
     <span class='ocr_line' id='line_1_21' title="bbox 234 1787 2655 1850; baseline 0.003 -20"><span class='ocrx_word' id='word_1_206' title='bbox 234 1787 403 1843; x_wconf 71' lang='lat' dir='ltr'><strong>puellae</strong></span> <span class='ocrx_word' id='word_1_207' title='bbox 405 1821 629 1840; x_wconf 89' lang='grc'><strong>......</strong></span> <span class='ocrx_word' id='word_1_208' title='bbox 660 1795 793 1846; x_wconf 91' lang='lat' dir='ltr'><strong>tuque</strong></span> <span class='ocrx_word' id='word_1_209' title='bbox 823 1807 889 1835; x_wconf 88' lang='grc' dir='ltr'><strong>ο.</strong></span> <span class='ocrx_word' id='word_1_210' title='bbox 963 1795 1221 1850; x_wconf 84' lang='lat' dir='ltr'><strong>.Neptune;</strong></span> <span class='ocrx_word' id='word_1_211' title='bbox 1247 1799 1294 1838; x_wconf 88' lang='lat' dir='ltr'><strong>et</strong></span> <span class='ocrx_word' id='word_1_212' title='bbox 1323 1796 1462 1838; x_wconf 75' lang='lat' dir='ltr'><strong>cultor</strong></span> <span class='ocrx_word' id='word_1_213' title='bbox 1493 1810 1712 1840; x_wconf 86' lang='lat' dir='ltr'><strong>nemorum</strong></span> <span class='ocrx_word' id='word_1_214' title='bbox 1744 1828 1753 1837; x_wconf 95' lang='lat'>.</span> <span class='ocrx_word' id='word_1_215' title='bbox 1786 1829 1796 1838; x_wconf 89' lang='lat'><strong><em>.</em></strong></span> <span class='ocrx_word' id='word_1_216' title='bbox 1827 1828 1839 1837; x_wconf 86' lang='lat'><strong>.</strong></span> <span class='ocrx_word' id='word_1_217' title='bbox 1870 1795 1977 1847; x_wconf 89' lang='lat' dir='ltr'><strong>Pan,</strong></span> <span class='ocrx_word' id='word_1_218' title='bbox 1996 1795 2138 1837; x_wconf 74' lang='lat' dir='ltr'><strong>evium</strong></span> <span class='ocrx_word' id='word_1_219' title='bbox 2154 1797 2298 1840; x_wconf 72' lang='lat' dir='ltr'><strong>custos</strong></span> <span class='ocrx_word' id='word_1_220' title='bbox 2318 1826 2328 1836; x_wconf 87' lang='lat'>.</span> <span class='ocrx_word' id='word_1_221' title='bbox 2351 1825 2362 1834; x_wconf 90' lang='lat'><strong>.</strong></span> <span class='ocrx_word' id='word_1_222' title='bbox 2383 1825 2395 1835; x_wconf 87' lang='lat'><strong>.</strong></span> <span class='ocrx_word' id='word_1_223' title='bbox 2416 1806 2445 1837; x_wconf 85' lang='lat' dir='ltr'><strong>o</strong></span> <span class='ocrx_word' id='word_1_224' title='bbox 2464 1791 2655 1849; x_wconf 68' lang='lat' dir='ltr'><strong>Tegeaee</strong></span> 
     </span>
     <span class='ocr_line' id='line_1_22' title="bbox 236 1826 2652 1921; baseline 0.001 -22"><span class='ocrx_word' id='word_1_225' title='bbox 236 1855 383 1900; x_wconf 72' lang='lat' dir='ltr'><strong>favens</strong></span> <span class='ocrx_word' id='word_1_226' title='bbox 413 1890 424 1900; x_wconf 90' lang='lat'><strong>.</strong></span> <span class='ocrx_word' id='word_1_227' title='bbox 456 1891 467 1901; x_wconf 88' lang='lat'><strong>.</strong></span> <span class='ocrx_word' id='word_1_228' title='bbox 497 1857 703 1915; x_wconf 73' lang='lat' dir='ltr'><strong>oleaeque</strong></span> <span class='ocrx_word' id='word_1_229' title='bbox 728 1860 921 1905; x_wconf 83' lang='lat' dir='ltr'><strong>Minerva</strong></span> <span class='ocrx_word' id='word_1_230' title='bbox 947 1826 1165 1906; x_wconf 54' lang='lat' dir='ltr'><strong>inventrix</strong></span> <span class='ocrx_word' id='word_1_231' title='bbox 1195 1896 1376 1907; x_wconf 89' lang='grc'><strong>.....</strong></span> <span class='ocrx_word' id='word_1_232' title='bbox 1408 1865 1592 1920; x_wconf 79' lang='lat' dir='ltr'><strong>uncique</strong></span> <span class='ocrx_word' id='word_1_233' title='bbox 1610 1879 1718 1921; x_wconf 84' lang='lat' dir='ltr'><strong>puer</strong></span> <span class='ocrx_word' id='word_1_234' title='bbox 1736 1868 1996 1908; x_wconf 72' lang='lat' dir='ltr'><strong>monstrator</strong></span> <span class='ocrx_word' id='word_1_235' title='bbox 2014 1863 2153 1906; x_wconf 67' lang='lat' dir='ltr'><strong>arani</strong></span> <span class='ocrx_word' id='word_1_236' title='bbox 2182 1894 2193 1905; x_wconf 90' lang='lat'><strong>.</strong></span> <span class='ocrx_word' id='word_1_237' title='bbox 2227 1895 2237 1905; x_wconf 91' lang='lat'><strong>.</strong></span> <span class='ocrx_word' id='word_1_238' title='bbox 2269 1895 2279 1904; x_wconf 92' lang='lat'>.</span> <span class='ocrx_word' id='word_1_239' title='bbox 2313 1895 2324 1904; x_wconf 91' lang='lat'><strong>.</strong></span> <span class='ocrx_word' id='word_1_240' title='bbox 2354 1860 2524 1905; x_wconf 73' lang='lat' dir='ltr'><strong>Silvano</strong></span> <span class='ocrx_word' id='word_1_241' title='bbox 2552 1893 2566 1903; x_wconf 89' lang='lat'><strong>.</strong></span> <span class='ocrx_word' id='word_1_242' title='bbox 2594 1893 2609 1904; x_wconf 83' lang='lat'><strong>.</strong></span> <span class='ocrx_word' id='word_1_243' title='bbox 2639 1893 2652 1902; x_wconf 89' lang='lat'><strong>.</strong></span> 
     </span>
    </p>
   </div>
   <div class='ocr_carea' id='block_1_9' title="bbox 235 1924 2655 2330">
    <p class='ocr_par' dir='ltr' id='par_1_11' title="bbox 235 1924 2655 2330">
     <span class='ocr_line' id='line_1_23' title="bbox 240 1924 2655 1987; baseline 0.002 -19"><span class='ocrx_word' id='word_1_244' title='bbox 240 1924 381 1980; x_wconf 81' lang='lat' dir='ltr'><strong>Dique</strong></span> <span class='ocrx_word' id='word_1_245' title='bbox 418 1925 609 1983; x_wconf 77' lang='lat' dir='ltr'><strong>deaeque</strong></span> <span class='ocrx_word' id='word_1_246' title='bbox 645 1942 802 1982; x_wconf 89' lang='lat' dir='ltr'><strong>omnes,</strong></span> <span class='ocrx_word' id='word_1_247' title='bbox 849 1930 1035 1975; x_wconf 87' lang='lat' dir='ltr'><strong>studium</strong></span> <span class='ocrx_word' id='word_1_248' title='bbox 1073 1931 1227 1987; x_wconf 89' lang='lat' dir='ltr'><strong>quibus</strong></span> <span class='ocrx_word' id='word_1_249' title='bbox 1264 1946 1370 1976; x_wconf 80' lang='lat' dir='ltr'><strong>arva</strong></span> <span class='ocrx_word' id='word_1_250' title='bbox 1398 1934 1510 1976; x_wconf 86' lang='lat' dir='ltr'><strong>tueri</strong></span> <span class='ocrx_word' id='word_1_251' title='bbox 1540 1967 1551 1976; x_wconf 88' lang='lat'><strong>.</strong></span> <span class='ocrx_word' id='word_1_252' title='bbox 1585 1966 1595 1975; x_wconf 93' lang='lat'><strong>.</strong></span> <span class='ocrx_word' id='word_1_253' title='bbox 1630 1936 1653 1975; x_wconf 89' lang='lat'><strong>.‘</strong></span> <span class='ocrx_word' id='word_1_254' title='bbox 1722 1932 1861 1976; x_wconf 85' lang='lat' dir='ltr'><strong>Varro</strong></span> <span class='ocrx_word' id='word_1_255' title='bbox 1889 1947 1924 1975; x_wconf 87' lang='lat' dir='ltr'><strong>r.</strong></span> <span class='ocrx_word' id='word_1_256' title='bbox 1954 1946 1989 1975; x_wconf 85' lang='lat' dir='ltr'><strong>r.</strong></span> <span class='ocrx_word' id='word_1_257' title='bbox 2021 1932 2042 1974; x_wconf 94' lang='lat'>1</span> <span class='ocrx_word' id='word_1_258' title='bbox 2075 1934 2112 1985; x_wconf 90' lang='lat'><strong>1,</strong></span> <span class='ocrx_word' id='word_1_259' title='bbox 2141 1931 2321 1986; x_wconf 69' lang='lat'><strong>4—⁷.²)</strong></span> <span class='ocrx_word' id='word_1_260' title='bbox 2360 1930 2418 1973; x_wconf 84' lang='lat' dir='ltr'><strong>‘et</strong></span> <span class='ocrx_word' id='word_1_261' title='bbox 2452 1930 2655 1986; x_wconf 73' lang='lat' dir='ltr'><strong>quonian</strong></span> 
     </span>
     <span class='ocr_line' id='line_1_24' title="bbox 237 1994 2652 2057; baseline 0.002 -19"><span class='ocrx_word' id='word_1_262' title='bbox 237 1996 288 2037; x_wconf 77' lang='lat' dir='ltr'><strong>ut</strong></span> <span class='ocrx_word' id='word_1_263' title='bbox 315 1994 449 2049; x_wconf 83' lang='lat' dir='ltr'><strong>aiunt,</strong></span> <span class='ocrx_word' id='word_1_264' title='bbox 494 1995 565 2040; x_wconf 88' lang='lat' dir='ltr'><strong>dei</strong></span> <span class='ocrx_word' id='word_1_265' title='bbox 592 1995 796 2042; x_wconf 74' lang='lat' dir='ltr'><strong>facientes</strong></span> <span class='ocrx_word' id='word_1_266' title='bbox 833 1998 1050 2055; x_wconf 83' lang='lat' dir='ltr'><strong>adiuvant,</strong></span> <span class='ocrx_word' id='word_1_267' title='bbox 1090 2000 1209 2057; x_wconf 86' lang='lat' dir='ltr'><strong>prius</strong></span> <span class='ocrx_word' id='word_1_268' title='bbox 1245 2000 1448 2046; x_wconf 82' lang='lat' dir='ltr'><strong>invocabo</strong></span> <span class='ocrx_word' id='word_1_269' title='bbox 1485 2017 1573 2057; x_wconf 89' lang='lat' dir='ltr'><strong>eos,</strong></span> <span class='ocrx_word' id='word_1_270' title='bbox 1610 2016 1701 2054; x_wconf 88' lang='lat' dir='ltr'><strong>nec,</strong></span> <span class='ocrx_word' id='word_1_271' title='bbox 1739 2006 1789 2046; x_wconf 90' lang='lat' dir='ltr'><strong>ut</strong></span> <span class='ocrx_word' id='word_1_272' title='bbox 1824 2001 2036 2046; x_wconf 82' lang='lat' dir='ltr'><strong>Homerus</strong></span> <span class='ocrx_word' id='word_1_273' title='bbox 2072 2004 2118 2044; x_wconf 89' lang='lat' dir='ltr'><strong>et</strong></span> <span class='ocrx_word' id='word_1_274' title='bbox 2154 1998 2328 2051; x_wconf 75' lang='lat' dir='ltr'><strong>Ennius,</strong></span> <span class='ocrx_word' id='word_1_275' title='bbox 2364 1996 2524 2051; x_wconf 67' lang='lat' dir='ltr'><strong>Musas,</strong></span> <span class='ocrx_word' id='word_1_276' title='bbox 2562 1997 2652 2052; x_wconf 78' lang='lat' dir='ltr'><strong>sed,</strong></span> 
     </span>
     <span class='ocr_line' id='line_1_25' title="bbox 237 2060 2651 2127; baseline 0.003 -21"><span class='ocrx_word' id='word_1_277' title='bbox 237 2060 458 2108; x_wconf 81' lang='lat' dir='ltr'><strong>duodecim</strong></span> <span class='ocrx_word' id='word_1_278' title='bbox 494 2063 597 2110; x_wconf 87' lang='lat' dir='ltr'><strong>deos</strong></span> <span class='ocrx_word' id='word_1_279' title='bbox 626 2064 862 2121; x_wconf 83' lang='lat' dir='ltr'><strong>Consentis,</strong></span> <span class='ocrx_word' id='word_1_280' title='bbox 899 2084 1038 2126; x_wconf 90' lang='lat' dir='ltr'><strong>neque</strong></span> <span class='ocrx_word' id='word_1_281' title='bbox 1074 2073 1218 2113; x_wconf 77' lang='lat' dir='ltr'><strong>tamen</strong></span> <span class='ocrx_word' id='word_1_282' title='bbox 1247 2084 1320 2114; x_wconf 84' lang='lat' dir='ltr'><strong>eos</strong></span> <span class='ocrx_word' id='word_1_283' title='bbox 1348 2069 1548 2123; x_wconf 86' lang='lat' dir='ltr'><strong>urbanos,</strong></span> <span class='ocrx_word' id='word_1_284' title='bbox 1585 2085 1765 2127; x_wconf 84' lang='lat' dir='ltr'><strong>quorum</strong></span> <span class='ocrx_word' id='word_1_285' title='bbox 1801 2070 2007 2125; x_wconf 74' lang='lat' dir='ltr'><strong>imagines</strong></span> <span class='ocrx_word' id='word_1_286' title='bbox 2044 2069 2101 2113; x_wconf 87' lang='lat' dir='ltr'><strong>ad</strong></span> <span class='ocrx_word' id='word_1_287' title='bbox 2135 2066 2276 2113; x_wconf 75' lang='lat' dir='ltr'><strong>forum</strong></span> <span class='ocrx_word' id='word_1_288' title='bbox 2311 2071 2492 2113; x_wconf 76' lang='lat' dir='ltr'><strong>auratae</strong></span> <span class='ocrx_word' id='word_1_289' title='bbox 2521 2070 2651 2122; x_wconf 76' lang='lat' dir='ltr'><strong>sta-nt,</strong></span> 
     </span>
     <span class='ocr_line' id='line_1_26' title="bbox 237 2133 2651 2196; baseline 0.003 -23"><span class='ocrx_word' id='word_1_290' title='bbox 237 2142 312 2175; x_wconf 88' lang='lat' dir='ltr'><strong>sex</strong></span> <span class='ocrx_word' id='word_1_291' title='bbox 341 2144 482 2181; x_wconf 79' lang='lat' dir='ltr'><strong>mares</strong></span> <span class='ocrx_word' id='word_1_292' title='bbox 510 2137 556 2178; x_wconf 91' lang='lat' dir='ltr'><strong>et</strong></span> <span class='ocrx_word' id='word_1_293' title='bbox 583 2133 766 2181; x_wconf 83' lang='lat' dir='ltr'><strong>feminae</strong></span> <span class='ocrx_word' id='word_1_294' title='bbox 786 2136 976 2189; x_wconf 87' lang='lat' dir='ltr'><strong>totidem,</strong></span> <span class='ocrx_word' id='word_1_295' title='bbox 1014 2137 1089 2182; x_wconf 90' lang='lat' dir='ltr'><strong>sed</strong></span> <span class='ocrx_word' id='word_1_296' title='bbox 1119 2137 1214 2182; x_wconf 89' lang='lat' dir='ltr'><strong>illos</strong></span> <span class='ocrx_word' id='word_1_297' title='bbox 1234 2137 1319 2182; x_wconf 89' lang='lat' dir='ltr'><strong>XII</strong></span> <span class='ocrx_word' id='word_1_298' title='bbox 1344 2138 1463 2191; x_wconf 89' lang='lat' dir='ltr'><strong>deos,</strong></span> <span class='ocrx_word' id='word_1_299' title='bbox 1493 2140 1568 2195; x_wconf 88' lang='lat' dir='ltr'><strong>qni</strong></span> <span class='ocrx_word' id='word_1_300' title='bbox 1596 2139 1782 2183; x_wconf 80' lang='lat' dir='ltr'><strong>maxime</strong></span> <span class='ocrx_word' id='word_1_301' title='bbox 1810 2138 2095 2196; x_wconf 75' lang='lat' dir='ltr'><strong>agricolarum</strong></span> <span class='ocrx_word' id='word_1_302' title='bbox 2125 2136 2256 2181; x_wconf 83' lang='lat' dir='ltr'><strong>duces</strong></span> <span class='ocrx_word' id='word_1_303' title='bbox 2285 2139 2396 2181; x_wconf 68' lang='lat' dir='ltr'><strong>suat.</strong></span> <span class='ocrx_word' id='word_1_304' title='bbox 2443 2135 2651 2188; x_wconf 70' lang='lat' dir='ltr'><strong>Prima.</strong></span> 
     </span>
     <span class='ocr_line' id='line_1_27' title="bbox 235 2199 2651 2261; baseline 0.003 -19"><span class='ocrx_word' id='word_1_305' title='bbox 235 2199 310 2254; x_wconf 85' lang='lat' dir='ltr'><strong>qui</strong></span> <span class='ocrx_word' id='word_1_306' title='bbox 361 2212 507 2245; x_wconf 89' lang='lat' dir='ltr'><strong>omnes</strong></span> <span class='ocrx_word' id='word_1_307' title='bbox 553 2202 715 2247; x_wconf 77' lang='lat' dir='ltr'><strong>fructos</strong></span> <span class='ocrx_word' id='word_1_308' title='bbox 757 2205 1045 2261; x_wconf 82' lang='lat' dir='ltr'><strong>agriculturae</strong></span> <span class='ocrx_word' id='word_1_309' title='bbox 1089 2206 1207 2250; x_wconf 88' lang='lat' dir='ltr'><strong>caelo</strong></span> <span class='ocrx_word' id='word_1_310' title='bbox 1251 2210 1296 2251; x_wconf 88' lang='lat' dir='ltr'><strong>et</strong></span> <span class='ocrx_word' id='word_1_311' title='bbox 1339 2210 1459 2252; x_wconf 89' lang='lat' dir='ltr'><strong>terra</strong></span> <span class='ocrx_word' id='word_1_312' title='bbox 1501 2208 1730 2260; x_wconf 80' lang='lat' dir='ltr'><strong>continent,</strong></span> <span class='ocrx_word' id='word_1_313' title='bbox 1773 2204 1924 2252; x_wconf 87' lang='lat' dir='ltr'><strong>Jovem</strong></span> <span class='ocrx_word' id='word_1_314' title='bbox 1964 2210 2012 2252; x_wconf 91' lang='lat' dir='ltr'><strong>et</strong></span> <span class='ocrx_word' id='word_1_315' title='bbox 2053 2205 2266 2251; x_wconf 84' lang='lat' dir='ltr'><strong>Tellurem</strong></span> <span class='ocrx_word' id='word_1_316' title='bbox 2304 2238 2314 2248; x_wconf 84' lang='lat'><strong>.</strong></span> <span class='ocrx_word' id='word_1_317' title='bbox 2355 2237 2365 2247; x_wconf 91' lang='lat'><strong>.</strong></span> <span class='ocrx_word' id='word_1_318' title='bbox 2405 2203 2651 2259; x_wconf 71' lang='lat' dir='ltr'><strong>‚Secudo</strong></span> 
     </span>
     <span class='ocr_line' id='line_1_28' title="bbox 237 2265 2649 2330; baseline 0.003 -19"><span class='ocrx_word' id='word_1_319' title='bbox 237 2265 378 2312; x_wconf 89' lang='lat' dir='ltr'><strong>Solem</strong></span> <span class='ocrx_word' id='word_1_320' title='bbox 399 2272 443 2313; x_wconf 90' lang='lat' dir='ltr'><strong>et</strong></span> <span class='ocrx_word' id='word_1_321' title='bbox 461 2269 642 2325; x_wconf 87' lang='lat' dir='ltr'><strong>Lunam,</strong></span> <span class='ocrx_word' id='word_1_322' title='bbox 671 2286 850 2327; x_wconf 88' lang='lat' dir='ltr'><strong>quorum</strong></span> <span class='ocrx_word' id='word_1_323' title='bbox 880 2278 1076 2330; x_wconf 88' lang='lat' dir='ltr'><strong>tempora</strong></span> <span class='ocrx_word' id='word_1_324' title='bbox 1105 2274 1384 2320; x_wconf 80' lang='lat' dir='ltr'><strong>observantur</strong></span> <span class='ocrx_word' id='word_1_325' title='bbox 1413 2309 1596 2321; x_wconf 89' lang='grc'><strong>.....</strong></span> <span class='ocrx_word' id='word_1_326' title='bbox 1628 2276 1772 2321; x_wconf 84' lang='lat' dir='ltr'><strong>Tertio</strong></span> <span class='ocrx_word' id='word_1_327' title='bbox 1801 2275 2003 2322; x_wconf 83' lang='lat' dir='ltr'><strong>Cererem</strong></span> <span class='ocrx_word' id='word_1_328' title='bbox 2033 2279 2078 2319; x_wconf 92' lang='lat' dir='ltr'><strong>et</strong></span> <span class='ocrx_word' id='word_1_329' title='bbox 2105 2274 2320 2327; x_wconf 68' lang='lat' dir='ltr'><strong>Uberum,</strong></span> <span class='ocrx_word' id='word_1_330' title='bbox 2346 2273 2466 2330; x_wconf 76' lang='lat' dir='ltr'><strong>quod</strong></span> <span class='ocrx_word' id='word_1_331' title='bbox 2494 2273 2649 2319; x_wconf 80' lang='lat' dir='ltr'><strong>horam</strong></span> 
     </span>
    </p>
   </div>
   <div class='ocr_carea' id='block_1_10' title="bbox 234 2348 573 2357">
    <p class='ocr_par' dir='ltr' id='par_1_12' title="bbox 234 2348 573 2357">
     <span class='ocr_line' id='line_1_29' title="bbox 234 2348 573 2357; baseline 0 1433"><span class='ocrx_word' id='word_1_332' title='bbox 234 2348 573 2357; x_wconf 95' lang='lat' dir='ltr'><strong> </strong></span> 
     </span>
    </p>
   </div>
   <div class='ocr_carea' id='block_1_11' title="bbox 234 2377 2653 3451">
    <p class='ocr_par' dir='ltr' id='par_1_13' title="bbox 234 2377 2653 3451">
     <span class='ocr_line' id='line_1_30' title="bbox 237 2377 2652 2435; baseline 0.003 -21"><span class='ocrx_word' id='word_1_333' title='bbox 237 2377 443 2425; x_wconf 86' lang='lat' dir='ltr'><strong>deperditis’</strong></span> <span class='ocrx_word' id='word_1_334' title='bbox 467 2381 604 2420; x_wconf 84' lang='lat' dir='ltr'><strong>(Berlin</strong></span> <span class='ocrx_word' id='word_1_335' title='bbox 630 2385 731 2428; x_wconf 81' lang='lat'>1884)</span> <span class='ocrx_word' id='word_1_336' title='bbox 751 2396 827 2421; x_wconf 90' lang='lat' dir='ltr'><strong>rem</strong></span> <span class='ocrx_word' id='word_1_337' title='bbox 851 2386 998 2422; x_wconf 81' lang='lat' dir='ltr'><strong>strictim</strong></span> <span class='ocrx_word' id='word_1_338' title='bbox 1021 2388 1148 2432; x_wconf 81' lang='lat' dir='ltr'><strong>tetigit,</strong></span> <span class='ocrx_word' id='word_1_339' title='bbox 1171 2388 1209 2422; x_wconf 88' lang='grc' dir='ltr'><strong>ιι</strong></span> <span class='ocrx_word' id='word_1_340' title='bbox 1232 2388 1461 2424; x_wconf 86' lang='lat' dir='ltr'><strong>adnotatione</strong></span> <span class='ocrx_word' id='word_1_341' title='bbox 1483 2400 1541 2435; x_wconf 79' lang='lat' dir='ltr'><strong>pg.</strong></span> <span class='ocrx_word' id='word_1_342' title='bbox 1565 2390 1612 2424; x_wconf 81' lang='lat'><strong>20</strong></span> <span class='ocrx_word' id='word_1_343' title='bbox 1634 2399 1668 2424; x_wconf 87' lang='lat' dir='ltr'><strong>u.</strong></span> <span class='ocrx_word' id='word_1_344' title='bbox 1693 2390 1736 2424; x_wconf 84' lang='lat'><strong>21</strong></span> <span class='ocrx_word' id='word_1_345' title='bbox 1768 2393 1849 2424; x_wconf 85' lang='lat' dir='ltr'><strong>octo</strong></span> <span class='ocrx_word' id='word_1_346' title='bbox 1871 2389 1947 2424; x_wconf 80' lang='lat' dir='ltr'><strong>fere</strong></span> <span class='ocrx_word' id='word_1_347' title='bbox 1970 2389 2067 2423; x_wconf 86' lang='lat' dir='ltr'><strong>locos</strong></span> <span class='ocrx_word' id='word_1_348' title='bbox 2089 2386 2261 2423; x_wconf 79' lang='lat' dir='ltr'><strong>Varronis</strong></span> <span class='ocrx_word' id='word_1_349' title='bbox 2289 2396 2371 2422; x_wconf 86' lang='lat' dir='ltr'><strong>eum</strong></span> <span class='ocrx_word' id='word_1_350' title='bbox 2393 2384 2542 2432; x_wconf 76' lang='lat' dir='ltr'><strong>Vergilii</strong></span> <span class='ocrx_word' id='word_1_351' title='bbox 2569 2386 2652 2423; x_wconf 80' lang='lat' dir='ltr'><strong>libri</strong></span> 
     </span>
     <span class='ocr_line' id='line_1_31' title="bbox 236 2434 2652 2490; baseline 0.005 -17"><span class='ocrx_word' id='word_1_352' title='bbox 236 2434 332 2472; x_wconf 79' lang='lat' dir='ltr'><strong>tertii</strong></span> <span class='ocrx_word' id='word_1_353' title='bbox 354 2437 515 2476; x_wconf 86' lang='lat' dir='ltr'><strong>versibus</strong></span> <span class='ocrx_word' id='word_1_354' title='bbox 537 2440 717 2479; x_wconf 85' lang='lat' dir='ltr'><strong>nonnullis</strong></span> <span class='ocrx_word' id='word_1_355' title='bbox 740 2451 961 2489; x_wconf 84' lang='lat' dir='ltr'><strong>comparans</strong></span> <span class='ocrx_word' id='word_1_356' title='bbox 1000 2442 1077 2481; x_wconf 83' lang='lat' dir='ltr'><strong>Hos</strong></span> <span class='ocrx_word' id='word_1_357' title='bbox 1102 2447 1245 2482; x_wconf 84' lang='lat' dir='ltr'><strong>secutus</strong></span> <span class='ocrx_word' id='word_1_358' title='bbox 1266 2443 1409 2482; x_wconf 78' lang='lat' dir='ltr'><strong>Schanz</strong></span> <span class='ocrx_word' id='word_1_359' title='bbox 1442 2445 1479 2482; x_wconf 89' lang='lat' dir='ltr'><strong>in</strong></span> <span class='ocrx_word' id='word_1_360' title='bbox 1501 2444 1652 2483; x_wconf 81' lang='lat' dir='ltr'><strong>historia</strong></span> <span class='ocrx_word' id='word_1_361' title='bbox 1673 2444 1779 2482; x_wconf 84' lang='lat' dir='ltr'><strong>litter.</strong></span> <span class='ocrx_word' id='word_1_362' title='bbox 1805 2444 2044 2482; x_wconf 83' lang='lat' dir='ltr'><strong>Romanarum</strong></span> <span class='ocrx_word' id='word_1_363' title='bbox 2067 2442 2119 2487; x_wconf 90' lang='lat'><strong>(11</strong></span> <span class='ocrx_word' id='word_1_364' title='bbox 2139 2453 2199 2490; x_wconf 79' lang='lat' dir='ltr'><strong>pg.</strong></span> <span class='ocrx_word' id='word_1_365' title='bbox 2214 2441 2274 2489; x_wconf 76' lang='grc'><strong>35)</strong></span> <span class='ocrx_word' id='word_1_366' title='bbox 2294 2439 2652 2481; x_wconf 67' lang='lat' dir='ltr'><strong>Vmentvnnbi</strong></span> 
     </span>
     <span class='ocr_line' id='line_1_32' title="bbox 239 2491 2652 2548; baseline 0.004 -20"><span class='ocrx_word' id='word_1_367' title='bbox 239 2491 329 2530; x_wconf 79' lang='lat' dir='ltr'><strong>libro</strong></span> <span class='ocrx_word' id='word_1_368' title='bbox 355 2495 462 2531; x_wconf 77' lang='lat' dir='ltr'><strong>tertio</strong></span> <span class='ocrx_word' id='word_1_369' title='bbox 495 2506 519 2532; x_wconf 86' lang='lat' dir='ltr'><strong>a</strong></span> <span class='ocrx_word' id='word_1_370' title='bbox 546 2507 636 2534; x_wconf 85' lang='lat' dir='ltr'><strong>vers.</strong></span> <span class='ocrx_word' id='word_1_371' title='bbox 690 2500 733 2535; x_wconf 82' lang='lat'><strong>51</strong></span> <span class='ocrx_word' id='word_1_372' title='bbox 773 2509 886 2546; x_wconf 86' lang='lat' dir='ltr'><strong>usque</strong></span> <span class='ocrx_word' id='word_1_373' title='bbox 919 2500 966 2536; x_wconf 87' lang='lat' dir='ltr'><strong>ad</strong></span> <span class='ocrx_word' id='word_1_374' title='bbox 999 2510 1030 2536; x_wconf 84' lang='lat' dir='ltr'><strong>v.</strong></span> <span class='ocrx_word' id='word_1_375' title='bbox 1051 2500 1121 2537; x_wconf 78' lang='lat'><strong>418</strong></span> <span class='ocrx_word' id='word_1_376' title='bbox 1149 2505 1294 2548; x_wconf 82' lang='lat' dir='ltr'><strong>poetam</strong></span> <span class='ocrx_word' id='word_1_377' title='bbox 1328 2507 1412 2539; x_wconf 88' lang='lat' dir='ltr'><strong>ante</strong></span> <span class='ocrx_word' id='word_1_378' title='bbox 1447 2503 1569 2540; x_wconf 84' lang='lat' dir='ltr'><strong>oculos</strong></span> <span class='ocrx_word' id='word_1_379' title='bbox 1593 2502 1760 2538; x_wconf 83' lang='lat' dir='ltr'><strong>habuisse</strong></span> <span class='ocrx_word' id='word_1_380' title='bbox 1783 2502 1949 2538; x_wconf 70' lang='lat' dir='ltr'><strong>declat-at.</strong></span> <span class='ocrx_word' id='word_1_381' title='bbox 1998 2500 2066 2547; x_wconf 82' lang='grc' dir='ltr'><strong>Ωιι</strong></span> <span class='ocrx_word' id='word_1_382' title='bbox 2101 2509 2180 2536; x_wconf 83' lang='lat' dir='ltr'><strong>cum</strong></span> <span class='ocrx_word' id='word_1_383' title='bbox 2203 2498 2411 2536; x_wconf 67' lang='lat' dir='ltr'><strong>unit-fioni-</strong></span> <span class='ocrx_word' id='word_1_384' title='bbox 2433 2499 2525 2538; x_wconf 66' lang='grc' dir='ltr'><strong>ιιι·</strong></span> <span class='ocrx_word' id='word_1_385' title='bbox 2547 2499 2652 2537; x_wconf 70' lang='lat' dir='ltr'><strong>uhts</strong></span> 
     </span>
     <span class='ocr_line' id='line_1_33' title="bbox 238 2554 2652 2605; baseline 0.004 -20"><span class='ocrx_word' id='word_1_386' title='bbox 238 2554 465 2597; x_wconf 80' lang='lat' dir='ltr'><strong>contraxerit,</strong></span> <span class='ocrx_word' id='word_1_387' title='bbox 494 2554 558 2590; x_wconf 87' lang='lat' dir='ltr'><strong>alii</strong></span> <span class='ocrx_word' id='word_1_388' title='bbox 587 2555 728 2600; x_wconf 78' lang='lat' dir='ltr'><strong>longius</strong></span> <span class='ocrx_word' id='word_1_389' title='bbox 757 2556 958 2593; x_wconf 79' lang='lat' dir='ltr'><strong>extendisse</strong></span> <span class='ocrx_word' id='word_1_390' title='bbox 981 2557 1067 2593; x_wconf 88' lang='lat' dir='ltr'><strong>mihi</strong></span> <span class='ocrx_word' id='word_1_391' title='bbox 1091 2557 1266 2602; x_wconf 83' lang='lat' dir='ltr'><strong>videntur,</strong></span> <span class='ocrx_word' id='word_1_392' title='bbox 1288 2564 1329 2594; x_wconf 89' lang='lat' dir='ltr'><strong>ut</strong></span> <span class='ocrx_word' id='word_1_393' title='bbox 1354 2559 1585 2605; x_wconf 63' lang='lat' dir='ltr'><strong>sidgvickius</strong></span> <span class='ocrx_word' id='word_1_394' title='bbox 1608 2559 1646 2595; x_wconf 87' lang='lat' dir='ltr'><strong>in</strong></span> <span class='ocrx_word' id='word_1_395' title='bbox 1669 2559 1823 2595; x_wconf 75' lang='lat' dir='ltr'><strong>editione</strong></span> <span class='ocrx_word' id='word_1_396' title='bbox 1848 2558 2129 2602; x_wconf 79' lang='lat' dir='ltr'><strong>Cantabrigiensi</strong></span> <span class='ocrx_word' id='word_1_397' title='bbox 2151 2559 2201 2599; x_wconf 82' lang='lat' dir='ltr'><strong>(a</strong></span> <span class='ocrx_word' id='word_1_398' title='bbox 2227 2556 2350 2600; x_wconf 81' lang='grc'>1885)·</span> <span class='ocrx_word' id='word_1_399' title='bbox 2375 2556 2439 2593; x_wconf 66' lang='grc' dir='ltr'><strong>Ἦ.</strong></span> <span class='ocrx_word' id='word_1_400' title='bbox 2458 2556 2652 2594; x_wconf 66' lang='lat' dir='ltr'><strong>&#39;rmum</strong></span> 
     </span>
     <span class='ocr_line' id='line_1_34' title="bbox 236 2603 2653 2661; baseline 0.003 -18"><span class='ocrx_word' id='word_1_401' title='bbox 236 2603 351 2643; x_wconf 80' lang='lat' dir='ltr'><strong>Varro</strong></span> <span class='ocrx_word' id='word_1_402' title='bbox 374 2606 416 2644; x_wconf 79' lang='lat' dir='ltr'><strong>of</strong></span> <span class='ocrx_word' id='word_1_403' title='bbox 433 2607 560 2656; x_wconf 85' lang='lat' dir='ltr'><strong>Reate,</strong></span> <span class='ocrx_word' id='word_1_404' title='bbox 583 2611 628 2647; x_wconf 91' lang='lat' dir='ltr'><strong>de</strong></span> <span class='ocrx_word' id='word_1_405' title='bbox 651 2623 690 2648; x_wconf 85' lang='lat' dir='ltr'><strong>re</strong></span> <span class='ocrx_word' id='word_1_406' title='bbox 713 2612 856 2658; x_wconf 84' lang='lat' dir='ltr'><strong>rustica,</strong></span> <span class='ocrx_word' id='word_1_407' title='bbox 879 2613 910 2649; x_wconf 91' lang='lat' dir='ltr'><strong>is</strong></span> <span class='ocrx_word' id='word_1_408' title='bbox 934 2613 1067 2658; x_wconf 82' lang='lat' dir='ltr'><strong>clearly</strong></span> <span class='ocrx_word' id='word_1_409' title='bbox 1089 2613 1150 2649; x_wconf 90' lang='lat' dir='ltr'><strong>the</strong></span> <span class='ocrx_word' id='word_1_410' title='bbox 1174 2619 1267 2650; x_wconf 84' lang='lat' dir='ltr'><strong>most</strong></span> <span class='ocrx_word' id='word_1_411' title='bbox 1290 2617 1483 2661; x_wconf 82' lang='lat' dir='ltr'><strong>important</strong></span> <span class='ocrx_word' id='word_1_412' title='bbox 1505 2625 1630 2652; x_wconf 89' lang='lat' dir='ltr'><strong>source</strong></span> <span class='ocrx_word' id='word_1_413' title='bbox 1654 2615 1695 2651; x_wconf 82' lang='lat' dir='ltr'><strong>of</strong></span> <span class='ocrx_word' id='word_1_414' title='bbox 1714 2614 1864 2660; x_wconf 78' lang='lat' dir='ltr'><strong>Vergil&#39;s</strong></span> <span class='ocrx_word' id='word_1_415' title='bbox 1887 2613 2110 2659; x_wconf 76' lang='lat' dir='ltr'><strong>knowlegd03</strong></span> <span class='ocrx_word' id='word_1_416' title='bbox 2141 2616 2200 2650; x_wconf 90' lang='lat' dir='ltr'><strong>its</strong></span> <span class='ocrx_word' id='word_1_417' title='bbox 2222 2617 2374 2650; x_wconf 86' lang='lat' dir='ltr'><strong>traces</strong></span> <span class='ocrx_word' id='word_1_418' title='bbox 2395 2623 2566 2660; x_wconf 79' lang='lat' dir='ltr'><strong>appear</strong></span> <span class='ocrx_word' id='word_1_419' title='bbox 2587 2612 2653 2650; x_wconf 81' lang='lat' dir='ltr'><strong>all</strong></span> 
     </span>
     <span class='ocr_line' id='line_1_35' title="bbox 234 2658 2649 2718; baseline 0.005 -22"><span class='ocrx_word' id='word_1_420' title='bbox 234 2658 427 2709; x_wconf 77' lang='lat' dir='ltr'><strong>through</strong></span> <span class='ocrx_word' id='word_1_421' title='bbox 450 2668 492 2702; x_wconf 92' lang='lat' dir='ltr'><strong>te</strong></span> <span class='ocrx_word' id='word_1_422' title='bbox 516 2665 752 2715; x_wconf 79' lang='lat' dir='ltr'><strong>Georgics‘.</strong></span> <span class='ocrx_word' id='word_1_423' title='bbox 801 2668 832 2705; x_wconf 82' lang='lat' dir='ltr'>A</span> <span class='ocrx_word' id='word_1_424' title='bbox 858 2679 928 2715; x_wconf 89' lang='lat' dir='ltr'><strong>quo</strong></span> <span class='ocrx_word' id='word_1_425' title='bbox 952 2680 1111 2707; x_wconf 87' lang='lat' dir='ltr'><strong>seorsum</strong></span> <span class='ocrx_word' id='word_1_426' title='bbox 1136 2670 1266 2707; x_wconf 89' lang='lat' dir='ltr'><strong>sentire</strong></span> <span class='ocrx_word' id='word_1_427' title='bbox 1289 2671 1428 2708; x_wconf 81' lang='lat' dir='ltr'><strong>videtur</strong></span> <span class='ocrx_word' id='word_1_428' title='bbox 1450 2670 1494 2708; x_wconf 82' lang='grc' dir='ltr'><strong>Ε.</strong></span> <span class='ocrx_word' id='word_1_429' title='bbox 1518 2671 1691 2718; x_wconf 85' lang='lat' dir='ltr'><strong>Stampini</strong></span> <span class='ocrx_word' id='word_1_430' title='bbox 1713 2671 1761 2716; x_wconf 88' lang='lat' dir='ltr'><strong>(le</strong></span> <span class='ocrx_word' id='word_1_431' title='bbox 1784 2670 1980 2717; x_wconf 84' lang='lat' dir='ltr'><strong>Georgiche</strong></span> <span class='ocrx_word' id='word_1_432' title='bbox 2004 2669 2040 2707; x_wconf 90' lang='lat' dir='ltr'><strong>di</strong></span> <span class='ocrx_word' id='word_1_433' title='bbox 2064 2669 2227 2716; x_wconf 79' lang='lat' dir='ltr'><strong>Virgilio,</strong></span> <span class='ocrx_word' id='word_1_434' title='bbox 2251 2668 2333 2708; x_wconf 86' lang='lat' dir='ltr'><strong>libri</strong></span> <span class='ocrx_word' id='word_1_435' title='bbox 2356 2668 2375 2708; x_wconf 93' lang='lat'>1</span> <span class='ocrx_word' id='word_1_436' title='bbox 2398 2679 2420 2708; x_wconf 88' lang='lat' dir='ltr'><strong>e</strong></span> <span class='ocrx_word' id='word_1_437' title='bbox 2443 2669 2492 2708; x_wconf 89' lang='lat'><strong>11.</strong></span> <span class='ocrx_word' id='word_1_438' title='bbox 2515 2669 2649 2708; x_wconf 84' lang='lat' dir='ltr'><strong>Torino</strong></span> 
     </span>
     <span class='ocr_line' id='line_1_36' title="bbox 239 2718 2650 2773; baseline 0.004 -19"><span class='ocrx_word' id='word_1_439' title='bbox 239 2718 341 2763; x_wconf 78' lang='lat'>1884)</span> <span class='ocrx_word' id='word_1_440' title='bbox 368 2721 528 2759; x_wconf 85' lang='lat' dir='ltr'><strong>scribens</strong></span> <span class='ocrx_word' id='word_1_441' title='bbox 555 2724 645 2769; x_wconf 82' lang='lat' dir='ltr'><strong>pref.</strong></span> <span class='ocrx_word' id='word_1_442' title='bbox 675 2736 735 2771; x_wconf 80' lang='lat' dir='ltr'><strong>pg.</strong></span> <span class='ocrx_word' id='word_1_443' title='bbox 766 2725 852 2761; x_wconf 84' lang='lat' dir='ltr'><strong>vn:</strong></span> <span class='ocrx_word' id='word_1_444' title='bbox 882 2731 1018 2762; x_wconf 86' lang='lat' dir='ltr'><strong>mentre</strong></span> <span class='ocrx_word' id='word_1_445' title='bbox 1047 2738 1114 2773; x_wconf 91' lang='lat' dir='ltr'><strong>per</strong></span> <span class='ocrx_word' id='word_1_446' title='bbox 1141 2728 1249 2763; x_wconf 87' lang='lat' dir='ltr'><strong>molte</strong></span> <span class='ocrx_word' id='word_1_447' title='bbox 1278 2728 1369 2764; x_wconf 85' lang='lat' dir='ltr'><strong>altre</strong></span> <span class='ocrx_word' id='word_1_448' title='bbox 1398 2729 1530 2764; x_wconf 82' lang='lat' dir='ltr'><strong>notizie</strong></span> <span class='ocrx_word' id='word_1_449' title='bbox 1564 2729 1682 2764; x_wconf 84' lang='lat' dir='ltr'><strong>aventi</strong></span> <span class='ocrx_word' id='word_1_450' title='bbox 1715 2727 1891 2763; x_wconf 70' lang='lat' dir='ltr'><strong>relatione</strong></span> <span class='ocrx_word' id='word_1_451' title='bbox 1928 2727 1982 2762; x_wconf 89' lang='lat' dir='ltr'><strong>coi</strong></span> <span class='ocrx_word' id='word_1_452' title='bbox 2017 2727 2170 2771; x_wconf 84' lang='lat' dir='ltr'><strong>precetti</strong></span> <span class='ocrx_word' id='word_1_453' title='bbox 2203 2726 2380 2772; x_wconf 70' lang='lat' dir='ltr'><strong>virgiliani</strong></span> <span class='ocrx_word' id='word_1_454' title='bbox 2410 2726 2458 2763; x_wconf 78' lang='lat' dir='ltr'><strong>ho</strong></span> <span class='ocrx_word' id='word_1_455' title='bbox 2484 2728 2580 2763; x_wconf 76' lang='lat' dir='ltr'><strong>assai</strong></span> <span class='ocrx_word' id='word_1_456' title='bbox 2614 2726 2650 2763; x_wconf 86' lang='lat' dir='ltr'><strong>di</strong></span> 
     </span>
     <span class='ocr_line' id='line_1_37' title="bbox 234 2771 2653 2828; baseline 0.003 -17"><span class='ocrx_word' id='word_1_457' title='bbox 234 2771 419 2818; x_wconf 69' lang='lat' dir='ltr'><strong>stoqumte</strong></span> <span class='ocrx_word' id='word_1_458' title='bbox 434 2783 540 2815; x_wconf 82' lang='lat' dir='ltr'><strong>avuto</strong></span> <span class='ocrx_word' id='word_1_459' title='bbox 554 2781 689 2817; x_wconf 85' lang='lat' dir='ltr'><strong>ricorso</strong></span> <span class='ocrx_word' id='word_1_460' title='bbox 706 2792 728 2817; x_wconf 82' lang='lat' dir='ltr'><strong>a</strong></span> <span class='ocrx_word' id='word_1_461' title='bbox 744 2781 890 2827; x_wconf 87' lang='lat' dir='ltr'><strong>Catone,</strong></span> <span class='ocrx_word' id='word_1_462' title='bbox 905 2782 1087 2828; x_wconf 82' lang='lat' dir='ltr'><strong>Varrone,·</strong></span> <span class='ocrx_word' id='word_1_463' title='bbox 1097 2784 1302 2828; x_wconf 86' lang='lat' dir='ltr'><strong>Columella,</strong></span> <span class='ocrx_word' id='word_1_464' title='bbox 1318 2784 1432 2820; x_wconf 86' lang='lat' dir='ltr'><strong>Plinio</strong></span> <span class='ocrx_word' id='word_1_465' title='bbox 1448 2785 1492 2820; x_wconf 87' lang='lat' dir='ltr'><strong>ed</strong></span> <span class='ocrx_word' id='word_1_466' title='bbox 1507 2785 1590 2820; x_wconf 86' lang='lat' dir='ltr'><strong>altri</strong></span> <span class='ocrx_word' id='word_1_467' title='bbox 1606 2784 1737 2819; x_wconf 80' lang='lat' dir='ltr'><strong>antichi</strong></span> <span class='ocrx_word' id='word_1_468' title='bbox 1753 2783 1916 2826; x_wconf 73' lang='lat' dir='ltr'><strong>scrittori,</strong></span> <span class='ocrx_word' id='word_1_469' title='bbox 1940 2783 1980 2817; x_wconf 79' lang='lat' dir='ltr'><strong>le</strong></span> <span class='ocrx_word' id='word_1_470' title='bbox 2003 2785 2074 2819; x_wconf 85' lang='lat' dir='ltr'><strong>cui</strong></span> <span class='ocrx_word' id='word_1_471' title='bbox 2089 2793 2224 2827; x_wconf 72' lang='lat' dir='ltr'><strong>opero</strong></span> <span class='ocrx_word' id='word_1_472' title='bbox 2241 2793 2439 2828; x_wconf 67' lang='lat' dir='ltr'><strong>possano</strong></span> <span class='ocrx_word' id='word_1_473' title='bbox 2456 2785 2501 2819; x_wconf 82' lang='lat' dir='ltr'><strong>in</strong></span> <span class='ocrx_word' id='word_1_474' title='bbox 2515 2782 2653 2818; x_wconf 72' lang='lat' dir='ltr'><strong>molta</strong></span> 
     </span>
     <span class='ocr_line' id='line_1_38' title="bbox 234 2833 2650 2885; baseline 0.005 -20"><span class='ocrx_word' id='word_1_475' title='bbox 234 2833 364 2874; x_wconf 80' lang='lat' dir='ltr'><strong>parte</strong></span> <span class='ocrx_word' id='word_1_476' title='bbox 386 2833 558 2871; x_wconf 83' lang='lat' dir='ltr'><strong>servire</strong></span> <span class='ocrx_word' id='word_1_477' title='bbox 580 2834 623 2872; x_wconf 87' lang='lat' dir='ltr'><strong>di</strong></span> <span class='ocrx_word' id='word_1_478' title='bbox 646 2838 803 2874; x_wconf 85' lang='lat' dir='ltr'><strong>ottimo</strong></span> <span class='ocrx_word' id='word_1_479' title='bbox 827 2843 1068 2877; x_wconf 84' lang='lat' dir='ltr'><strong>commento</strong></span> <span class='ocrx_word' id='word_1_480' title='bbox 1092 2842 1127 2877; x_wconf 85' lang='lat' dir='ltr'><strong>ai</strong></span> <span class='ocrx_word' id='word_1_481' title='bbox 1150 2841 1242 2877; x_wconf 79' lang='lat' dir='ltr'><strong>versi</strong></span> <span class='ocrx_word' id='word_1_482' title='bbox 1267 2839 1324 2876; x_wconf 90' lang='lat' dir='ltr'><strong>del</strong></span> <span class='ocrx_word' id='word_1_483' title='bbox 1346 2843 1469 2876; x_wconf 83' lang='lat' dir='ltr'><strong>nostro</strong></span> <span class='ocrx_word' id='word_1_484' title='bbox 1492 2843 1667 2885; x_wconf 74' lang='lat' dir='ltr'><strong>poeta-</strong></span> <span class='ocrx_word' id='word_1_485' title='bbox 1687 2839 1850 2875; x_wconf 78' lang='lat' dir='ltr'><strong>Ceterum</strong></span> <span class='ocrx_word' id='word_1_486' title='bbox 1873 2839 1946 2876; x_wconf 73' lang='lat' dir='ltr'><strong>iam</strong></span> <span class='ocrx_word' id='word_1_487' title='bbox 1968 2840 2106 2884; x_wconf 84' lang='lat' dir='ltr'><strong>antiqui</strong></span> <span class='ocrx_word' id='word_1_488' title='bbox 2131 2842 2429 2876; x_wconf 78' lang='lat' dir='ltr'><strong>commentatores</strong></span> <span class='ocrx_word' id='word_1_489' title='bbox 2454 2837 2650 2876; x_wconf 70' lang='lat' dir='ltr'><strong>Vamac-</strong></span> 
     </span>
     <span class='ocr_line' id='line_1_39' title="bbox 234 2888 2652 2942; baseline 0.004 -21"><span class='ocrx_word' id='word_1_490' title='bbox 234 2889 412 2924; x_wconf 81' lang='lat' dir='ltr'><strong>auctorem</strong></span> <span class='ocrx_word' id='word_1_491' title='bbox 435 2888 585 2936; x_wconf 70' lang='lat' dir='ltr'><strong>Vergilii</strong></span> <span class='ocrx_word' id='word_1_492' title='bbox 607 2891 806 2940; x_wconf 74' lang='lat' dir='ltr'><strong>Georgicon</strong></span> <span class='ocrx_word' id='word_1_493' title='bbox 821 2895 1022 2942; x_wconf 81' lang='lat' dir='ltr'><strong>appellant3</strong></span> <span class='ocrx_word' id='word_1_494' title='bbox 1044 2906 1194 2942; x_wconf 86' lang='lat' dir='ltr'><strong>quornm</strong></span> <span class='ocrx_word' id='word_1_495' title='bbox 1210 2896 1350 2942; x_wconf 86' lang='lat' dir='ltr'><strong>quidem</strong></span> <span class='ocrx_word' id='word_1_496' title='bbox 1374 2898 1568 2932; x_wconf 83' lang='lat' dir='ltr'><strong>auctoritas</strong></span> <span class='ocrx_word' id='word_1_497' title='bbox 1608 2896 1675 2932; x_wconf 87' lang='lat' dir='ltr'><strong>etsi</strong></span> <span class='ocrx_word' id='word_1_498' title='bbox 1709 2905 1783 2931; x_wconf 89' lang='lat' dir='ltr'><strong>non</strong></span> <span class='ocrx_word' id='word_1_499' title='bbox 1805 2894 1910 2930; x_wconf 86' lang='lat' dir='ltr'><strong>nimis</strong></span> <span class='ocrx_word' id='word_1_500' title='bbox 1933 2894 2045 2940; x_wconf 84' lang='lat' dir='ltr'><strong>valet,</strong></span> <span class='ocrx_word' id='word_1_501' title='bbox 2081 2899 2201 2930; x_wconf 87' lang='lat' dir='ltr'><strong>tamen</strong></span> <span class='ocrx_word' id='word_1_502' title='bbox 2221 2904 2269 2931; x_wconf 85' lang='lat' dir='ltr'><strong>ue</strong></span> <span class='ocrx_word' id='word_1_503' title='bbox 2303 2894 2546 2940; x_wconf 66' lang='lat' dir='ltr'><strong>indiligentia</strong></span> <span class='ocrx_word' id='word_1_504' title='bbox 2573 2903 2652 2931; x_wconf 78' lang='lat' dir='ltr'><strong>esso</strong></span> 
     </span>
     <span class='ocr_line' id='line_1_40' title="bbox 234 2941 2650 2998; baseline 0.005 -22"><span class='ocrx_word' id='word_1_505' title='bbox 234 2941 368 2988; x_wconf 78' lang='lat' dir='ltr'><strong>videar,</strong></span> <span class='ocrx_word' id='word_1_506' title='bbox 390 2954 484 2990; x_wconf 85' lang='lat' dir='ltr'><strong>quae</strong></span> <span class='ocrx_word' id='word_1_507' title='bbox 508 2948 545 2982; x_wconf 90' lang='grc' dir='ltr'><strong>ιι</strong></span> <span class='ocrx_word' id='word_1_508' title='bbox 568 2948 711 2985; x_wconf 83' lang='lat' dir='ltr'><strong>scholiis</strong></span> <span class='ocrx_word' id='word_1_509' title='bbox 745 2950 789 2986; x_wconf 87' lang='lat' dir='ltr'><strong>de</strong></span> <span class='ocrx_word' id='word_1_510' title='bbox 813 2950 973 2987; x_wconf 84' lang='lat' dir='ltr'><strong>Varrone</strong></span> <span class='ocrx_word' id='word_1_511' title='bbox 1002 2958 1149 2989; x_wconf 88' lang='lat' dir='ltr'><strong>auctore</strong></span> <span class='ocrx_word' id='word_1_512' title='bbox 1187 2953 1362 2998; x_wconf 76' lang='lat' dir='ltr'><strong>leguntur,</strong></span> <span class='ocrx_word' id='word_1_513' title='bbox 1396 2954 1537 2998; x_wconf 85' lang='lat' dir='ltr'><strong>saepius</strong></span> <span class='ocrx_word' id='word_1_514' title='bbox 1578 2952 1718 2988; x_wconf 87' lang='lat' dir='ltr'><strong>addam.</strong></span> <span class='ocrx_word' id='word_1_515' title='bbox 1765 2951 1809 2987; x_wconf 79' lang='lat' dir='ltr'><strong>cf.</strong></span> <span class='ocrx_word' id='word_1_516' title='bbox 1833 2951 1975 2987; x_wconf 83' lang='lat' dir='ltr'><strong>Servius</strong></span> <span class='ocrx_word' id='word_1_517' title='bbox 2004 2952 2041 2987; x_wconf 90' lang='lat' dir='ltr'><strong>in</strong></span> <span class='ocrx_word' id='word_1_518' title='bbox 2064 2953 2247 2998; x_wconf 86' lang='lat' dir='ltr'><strong>prooemio</strong></span> <span class='ocrx_word' id='word_1_519' title='bbox 2278 2960 2392 2987; x_wconf 79' lang='lat' dir='ltr'><strong>conm-</strong></span> <span class='ocrx_word' id='word_1_520' title='bbox 2422 2952 2460 2987; x_wconf 91' lang='grc' dir='ltr'><strong>ιι</strong></span> <span class='ocrx_word' id='word_1_521' title='bbox 2489 2951 2650 2998; x_wconf 72' lang='lat' dir='ltr'><strong>Geor-gie,</strong></span> 
     </span>
     <span class='ocr_line' id='line_1_41' title="bbox 236 2996 2651 3054; baseline 0.004 -19"><span class='ocrx_word' id='word_1_522' title='bbox 236 2996 373 3035; x_wconf 85' lang='lat' dir='ltr'><strong>Probus</strong></span> <span class='ocrx_word' id='word_1_523' title='bbox 398 3000 467 3043; x_wconf 89' lang='lat' dir='ltr'><strong>(ed.</strong></span> <span class='ocrx_word' id='word_1_524' title='bbox 490 3000 586 3049; x_wconf 84' lang='lat' dir='ltr'><strong>Keil)</strong></span> <span class='ocrx_word' id='word_1_525' title='bbox 612 3015 671 3050; x_wconf 66' lang='grc' dir='ltr'><strong>ις.</strong></span> <span class='ocrx_word' id='word_1_526' title='bbox 698 3006 734 3042; x_wconf 90' lang='lat' dir='ltr'><strong>l:</strong></span> <span class='ocrx_word' id='word_1_527' title='bbox 771 3006 933 3052; x_wconf 80' lang='lat' dir='ltr'><strong>‘Scripsit</strong></span> <span class='ocrx_word' id='word_1_528' title='bbox 962 3008 1137 3054; x_wconf 76' lang='lat' dir='ltr'><strong>Georgica</strong></span> <span class='ocrx_word' id='word_1_529' title='bbox 1161 3034 1305 3045; x_wconf 91' lang='grc'><strong>.....</strong></span> <span class='ocrx_word' id='word_1_530' title='bbox 1329 3007 1523 3044; x_wconf 86' lang='lat' dir='ltr'><strong>Hesiodum</strong></span> <span class='ocrx_word' id='word_1_531' title='bbox 1555 3013 1592 3044; x_wconf 91' lang='lat' dir='ltr'><strong>et</strong></span> <span class='ocrx_word' id='word_1_532' title='bbox 1617 3007 1813 3044; x_wconf 80' lang='lat' dir='ltr'><strong>Varronem</strong></span> <span class='ocrx_word' id='word_1_533' title='bbox 1847 3011 2015 3043; x_wconf 81' lang='lat' dir='ltr'><strong>secutns’.</strong></span> <span class='ocrx_word' id='word_1_534' title='bbox 2057 3007 2257 3044; x_wconf 89' lang='lat' dir='ltr'><strong>Identidem</strong></span> <span class='ocrx_word' id='word_1_535' title='bbox 2285 3007 2322 3044; x_wconf 88' lang='lat' dir='ltr'><strong>in</strong></span> <span class='ocrx_word' id='word_1_536' title='bbox 2361 3005 2651 3045; x_wconf 74' lang='lat' dir='ltr'><strong>adnotationibus</strong></span> 
     </span>
     <span class='ocr_line' id='line_1_42' title="bbox 502 3059 2651 3111; baseline 0.003 -16"><span class='ocrx_word' id='word_1_537' title='bbox 502 3062 540 3095; x_wconf 87' lang='lat' dir='ltr'><strong>et</strong></span> <span class='ocrx_word' id='word_1_538' title='bbox 572 3059 799 3108; x_wconf 83' lang='lat' dir='ltr'><strong>scholiorum,</strong></span> <span class='ocrx_word' id='word_1_539' title='bbox 831 3068 873 3099; x_wconf 88' lang='lat' dir='ltr'><strong>ut</strong></span> <span class='ocrx_word' id='word_1_540' title='bbox 903 3063 1135 3101; x_wconf 80' lang='lat' dir='ltr'><strong>Beruensium</strong></span> <span class='ocrx_word' id='word_1_541' title='bbox 1161 3064 1280 3110; x_wconf 68' lang='lat' dir='ltr'><strong>(Jahn,</strong></span> <span class='ocrx_word' id='word_1_542' title='bbox 1307 3064 1425 3110; x_wconf 83' lang='lat' dir='ltr'><strong>suppl.</strong></span> <span class='ocrx_word' id='word_1_543' title='bbox 1454 3063 1518 3100; x_wconf 82' lang='lat' dir='ltr'><strong>IV.</strong></span> <span class='ocrx_word' id='word_1_544' title='bbox 1551 3074 1610 3111; x_wconf 80' lang='lat' dir='ltr'><strong>pg.</strong></span> <span class='ocrx_word' id='word_1_545' title='bbox 1635 3063 1730 3108; x_wconf 78' lang='lat'><strong>673),</strong></span> <span class='ocrx_word' id='word_1_546' title='bbox 1763 3062 1938 3100; x_wconf 71' lang='lat' dir='ltr'><strong>&#39;Varronis</strong></span> <span class='ocrx_word' id='word_1_547' title='bbox 1970 3063 2046 3100; x_wconf 69' lang='lat' dir='ltr'><strong>loci</strong></span> <span class='ocrx_word' id='word_1_548' title='bbox 2073 3063 2181 3101; x_wconf 84' lang='lat' dir='ltr'><strong>nobis</strong></span> <span class='ocrx_word' id='word_1_549' title='bbox 2209 3067 2402 3101; x_wconf 66' lang='lat' dir='ltr'><strong>occurrunt</strong></span> <span class='ocrx_word' id='word_1_550' title='bbox 2429 3065 2504 3100; x_wconf 78' lang='lat' dir='ltr'><strong>sive</strong></span> <span class='ocrx_word' id='word_1_551' title='bbox 2530 3063 2651 3101; x_wconf 66' lang='lat' dir='ltr'><strong>fautu</strong></span> 
     </span>
     <span class='ocr_line' id='line_1_43' title="bbox 234 3107 2649 3168; baseline 0.004 -19"><span class='ocrx_word' id='word_1_552' title='bbox 234 3107 462 3156; x_wconf 56' lang='lat' dir='ltr'><strong>Venulianae</strong></span> <span class='ocrx_word' id='word_1_553' title='bbox 493 3115 643 3154; x_wconf 65' lang='lat' dir='ltr'><strong>notitiae</strong></span> <span class='ocrx_word' id='word_1_554' title='bbox 671 3120 746 3155; x_wconf 79' lang='lat' dir='ltr'><strong>sive</strong></span> <span class='ocrx_word' id='word_1_555' title='bbox 775 3119 822 3157; x_wconf 82' lang='lat' dir='ltr'><strong>ad</strong></span> <span class='ocrx_word' id='word_1_556' title='bbox 853 3121 1098 3167; x_wconf 83' lang='lat' dir='ltr'><strong>explanandos</strong></span> <span class='ocrx_word' id='word_1_557' title='bbox 1127 3131 1250 3158; x_wconf 80' lang='lat' dir='ltr'><strong>versus</strong></span> <span class='ocrx_word' id='word_1_558' title='bbox 1284 3122 1450 3168; x_wconf 76' lang='lat' dir='ltr'><strong>appositi.</strong></span> <span class='ocrx_word' id='word_1_559' title='bbox 1509 3120 1564 3157; x_wconf 80' lang='lat' dir='ltr'><strong>De</strong></span> <span class='ocrx_word' id='word_1_560' title='bbox 1592 3119 1884 3157; x_wconf 76' lang='lat' dir='ltr'><strong>adnotationibus</strong></span> <span class='ocrx_word' id='word_1_561' title='bbox 1919 3120 2031 3158; x_wconf 74' lang='lat' dir='ltr'><strong>Servii</strong></span> <span class='ocrx_word' id='word_1_562' title='bbox 2070 3121 2171 3158; x_wconf 71' lang='lat' dir='ltr'><strong>cu&#39;ns</strong></span> <span class='ocrx_word' id='word_1_563' title='bbox 2203 3122 2347 3158; x_wconf 74' lang='lat' dir='ltr'><strong>nomine</strong></span> <span class='ocrx_word' id='word_1_564' title='bbox 2381 3121 2501 3158; x_wconf 56' lang='lat' dir='ltr'><strong>sn*</strong></span> <span class='ocrx_word' id='word_1_565' title='bbox 2534 3121 2649 3159; x_wconf 62' lang='lat' dir='ltr'><strong>Sene</strong></span> 
     </span>
     <span class='ocr_line' id='line_1_44' title="bbox 235 3164 2653 3223; baseline 0.001 -11"><span class='ocrx_word' id='word_1_566' title='bbox 235 3164 437 3214; x_wconf 68' lang='lat' dir='ltr'><strong>Phila-gyri</strong></span> <span class='ocrx_word' id='word_1_567' title='bbox 459 3172 611 3209; x_wconf 78' lang='lat' dir='ltr'><strong>aliorum</strong></span> <span class='ocrx_word' id='word_1_568' title='bbox 632 3176 851 3222; x_wconf 82' lang='lat' dir='ltr'><strong>complector</strong></span> <span class='ocrx_word' id='word_1_569' title='bbox 872 3188 966 3223; x_wconf 81' lang='lat' dir='ltr'><strong>quae</strong></span> <span class='ocrx_word' id='word_1_570' title='bbox 981 3180 1207 3215; x_wconf 71' lang='lat' dir='ltr'><strong>inveniuntur</strong></span> <span class='ocrx_word' id='word_1_571' title='bbox 1229 3178 1326 3222; x_wconf 75' lang='lat' dir='ltr'><strong>apud</strong></span> <span class='ocrx_word' id='word_1_572' title='bbox 1348 3176 1455 3213; x_wconf 81' lang='lat' dir='ltr'><strong>Thilo</strong></span> <span class='ocrx_word' id='word_1_573' title='bbox 1482 3177 1609 3222; x_wconf 82' lang='lat' dir='ltr'><strong>(Servii</strong></span> <span class='ocrx_word' id='word_1_574' title='bbox 1632 3177 1866 3213; x_wconf 81' lang='lat' dir='ltr'><strong>Grammatioi</strong></span> <span class='ocrx_word' id='word_1_575' title='bbox 1896 3179 1959 3222; x_wconf 91' lang='lat' dir='ltr'><strong>qui</strong></span> <span class='ocrx_word' id='word_1_576' title='bbox 1986 3177 2152 3215; x_wconf 68' lang='lat' dir='ltr'><strong>temam</strong></span> <span class='ocrx_word' id='word_1_577' title='bbox 2172 3180 2213 3214; x_wconf 85' lang='lat' dir='ltr'><strong>in</strong></span> <span class='ocrx_word' id='word_1_578' title='bbox 2240 3177 2390 3222; x_wconf 77' lang='lat' dir='ltr'><strong>Vergilii</strong></span> <span class='ocrx_word' id='word_1_579' title='bbox 2412 3176 2593 3214; x_wconf 74' lang='lat' dir='ltr'><strong>Bnoeliaa</strong></span> <span class='ocrx_word' id='word_1_580' title='bbox 2610 3182 2653 3214; x_wconf 81' lang='lat' dir='ltr'><strong>et</strong></span> 
     </span>
     <span class='ocr_line' id='line_1_45' title="bbox 235 3220 2650 3281; baseline 0 -12"><span class='ocrx_word' id='word_1_581' title='bbox 235 3220 412 3269; x_wconf 55' lang='lat' dir='ltr'><strong>00⁰1&amp;oe</strong></span> <span class='ocrx_word' id='word_1_582' title='bbox 433 3232 678 3268; x_wconf 80' lang='lat' dir='ltr'><strong>commentarii</strong></span> <span class='ocrx_word' id='word_1_583' title='bbox 700 3242 761 3269; x_wconf 83' lang='lat' dir='ltr'><strong>rec</strong></span> <span class='ocrx_word' id='word_1_584' title='bbox 785 3232 827 3269; x_wconf 89' lang='lat' dir='ltr'><strong>G.</strong></span> <span class='ocrx_word' id='word_1_585' title='bbox 852 3233 968 3272; x_wconf 84' lang='lat' dir='ltr'><strong>Thilo.</strong></span> <span class='ocrx_word' id='word_1_586' title='bbox 999 3234 1146 3281; x_wconf 84' lang='lat' dir='ltr'><strong>Lipsiae</strong></span> <span class='ocrx_word' id='word_1_587' title='bbox 1171 3234 1282 3279; x_wconf 53' lang='lat'>1887„</span> <span class='ocrx_word' id='word_1_588' title='bbox 1305 3235 1399 3270; x_wconf 81' lang='lat' dir='ltr'><strong>intra</strong></span> <span class='ocrx_word' id='word_1_589' title='bbox 1421 3233 1530 3270; x_wconf 84' lang='lat' dir='ltr'><strong>latius</strong></span> <span class='ocrx_word' id='word_1_590' title='bbox 1553 3232 1807 3280; x_wconf 87' lang='lat' dir='ltr'><strong>disputandum</strong></span> <span class='ocrx_word' id='word_1_591' title='bbox 1832 3235 1912 3270; x_wconf 87' lang='lat' dir='ltr'><strong>erit.</strong></span> <span class='ocrx_word' id='word_1_592' title='bbox 1944 3233 2169 3270; x_wconf 75' lang='lat' dir='ltr'><strong>e&#39;choliorum</strong></span> <span class='ocrx_word' id='word_1_593' title='bbox 2191 3234 2424 3270; x_wconf 78' lang='lat' dir='ltr'><strong>Beruensium</strong></span> <span class='ocrx_word' id='word_1_594' title='bbox 2446 3241 2650 3280; x_wconf 65' lang='lat' dir='ltr'><strong>perpenna</strong></span> 
     </span>
     <span class='ocr_line' id='line_1_46' title="bbox 235 3276 1603 3337; baseline 0.006 -19"><span class='ocrx_word' id='word_1_595' title='bbox 235 3276 594 3333; x_wconf 60' lang='lat' dir='ltr'><strong>monesi-aro,</strong></span> <span class='ocrx_word' id='word_1_596' title='bbox 616 3285 726 3328; x_wconf 84' lang='lat' dir='ltr'><strong>Probi</strong></span> <span class='ocrx_word' id='word_1_597' title='bbox 741 3294 886 3337; x_wconf 79' lang='lat' dir='ltr'><strong>praeter</strong></span> <span class='ocrx_word' id='word_1_598' title='bbox 907 3300 1015 3327; x_wconf 83' lang='lat' dir='ltr'><strong>unam</strong></span> <span class='ocrx_word' id='word_1_599' title='bbox 1037 3299 1228 3335; x_wconf 71' lang='lat' dir='ltr'><strong>nunquam</strong></span> <span class='ocrx_word' id='word_1_600' title='bbox 1250 3288 1545 3327; x_wconf 80' lang='lat' dir='ltr'><strong>commemorabo.</strong></span> <span class='ocrx_word' id='word_1_601' title='bbox 1564 3309 1603 3316; x_wconf 91' lang='lat'>-</span> 
     </span>
     <span class='ocr_line' id='line_1_47' title="bbox 440 3339 2438 3393; baseline -0.001 -10"><span class='ocrx_word' id='word_1_602' title='bbox 440 3339 2438 3393; x_wconf 60' lang='lat' dir='ltr'><strong>¹)Qu⁰=inpaucissinosredactosnelong-senemsubtextuqnidichtdissertationisooliocab-n.</strong></span> 
     </span>
     <span class='ocr_line' id='line_1_48' title="bbox 433 3396 2179 3451; baseline -0.001 -8"><span class='ocrx_word' id='word_1_603' title='bbox 433 3396 1590 3443; x_wconf 63' lang='lat' dir='ltr'><strong>&#39;ll&#39;l&#39;usnti-Vmenismmmsfiemmfiuesreo.</strong></span> <span class='ocrx_word' id='word_1_604' title='bbox 1622 3402 1787 3440; x_wconf 66' lang='lat' dir='ltr'><strong>Em</strong></span> <span class='ocrx_word' id='word_1_605' title='bbox 1833 3403 1983 3451; x_wconf 60' lang='lat' dir='ltr'><strong>umbe</strong></span> <span class='ocrx_word' id='word_1_606' title='bbox 2007 3403 2179 3442; x_wconf 73' lang='lat'><strong>1888.—</strong></span> 
     </span>
    </p>
   </div>
   <div class='ocr_carea' id='block_1_12' title="bbox 2334 3481 2379 3518">
    <p class='ocr_par' dir='ltr' id='par_1_14' title="bbox 2334 3481 2379 3518">
     <span class='ocr_line' id='line_1_49' title="bbox 2334 3481 2379 3518; baseline 0 -12"><span class='ocrx_word' id='word_1_607' title='bbox 2334 3481 2379 3518; x_wconf 72' lang='lat'><strong>2·</strong></span> 
     </span>
    </p>
   </div>
  </div>
 </body>
</html>
